{"arg":{"channel":"bbo-tbt","instId":"ETH-USDT"},"data":[{"asks":[["1826.12","3.270643","0","7"]],"bids":[["1826.11","93.056641","0","10"]],"ts":"1690862580628","seqId":12374751109}]}
{"arg":{"channel":"bbo-tbt","instId":"BTC-USDT"},"data":[{"asks":[["28836","0.47545986","0","2"]],"bids":[["28835.9","4.22017381","0","12"]],"ts":"1690862580636","seqId":13463047462}]}
{"arg":{"channel":"bbo-tbt","instId":"ETH-USDT"},"data":[{"asks":[["1826.12","3.257732","0","5"]],"bids":[["1826.11","93.056641","0","10"]],"ts":"1690862580678","seqId":12374751118}]}
{"arg":{"channel":"bbo-tbt","instId":"BTC-USDT"},"data":[{"asks":[["28836","0.31085986","0","1"]],"bids":[["28835.9","4.22017381","0","12"]],"ts":"1690862580776","seqId":13463047483}]}
{"arg":{"channel":"bbo-tbt","instId":"BTC-USDT"},"data":[{"asks":[["28836","0.31185986","0","2"]],"bids":[["28835.9","4.22017381","0","12"]],"ts":"1690862580916","seqId":13463047557}]}
{"arg":{"channel":"bbo-tbt","instId":"ETH-USDT"},"data":[{"asks":[["1826.12","3.257732","0","5"]],"bids":[["1826.11","91.979181","0","9"]],"ts":"1690862580968","seqId":12374751147}]}
{"arg":{"channel":"bbo-tbt","instId":"BTC-USDT"},"data":[{"asks":[["28836","0.61185986","0","3"]],"bids":[["28835.9","4.15176381","0","11"]],"ts":"1690862580976","seqId":13463047584}]}
{"arg":{"channel":"bbo-tbt","instId":"BTC-USDT"},"data":[{"asks":[["28836","0.77645986","0","4"]],"bids":[["28835.9","4.15176381","0","11"]],"ts":"1690862580986","seqId":13463047600}]}
{"arg":{"channel":"bbo-tbt","instId":"ETH-USDT"},"data":[{"asks":[["1826.12","3.267532","0","6"]],"bids":[["1826.11","91.979181","0","9"]],"ts":"1690862581018","seqId":12374751151}]}
{"arg":{"channel":"bbo-tbt","instId":"BTC-USDT"},"data":[{"asks":[["28836","0.77645986","0","4"]],"bids":[["28835.9","4.22017381","0","12"]],"ts":"1690862581026","seqId":13463047620}]}
{"arg":{"channel":"bbo-tbt","instId":"BTC-USDT"},"data":[{"asks":[["28836","0.77645986","0","4"]],"bids":[["28835.9","3.12017381","0","11"]],"ts":"1690862581046","seqId":13463047640}]}
{"arg":{"channel":"bbo-tbt","instId":"BTC-USDT"},"data":[{"asks":[["28836","0.77545986","0","3"]],"bids":[["28835.9","3.12017381","0","11"]],"ts":"1690862581076","seqId":13463047681}]}
{"arg":{"channel":"bbo-tbt","instId":"BTC-USDT"},"data":[{"asks":[["28836","0.77545986","0","3"]],"bids":[["28835.9","3.05176381","0","10"]],"ts":"1690862581096","seqId":13463047696}]}
{"arg":{"channel":"bbo-tbt","instId":"BTC-USDT"},"data":[{"asks":[["28836","0.77545986","0","3"]],"bids":[["28835.9","2.97324381","0","9"]],"ts":"1690862581136","seqId":13463047700}]}
{"arg":{"channel":"bbo-tbt","instId":"ETH-USDT"},"data":[{"asks":[["1826.12","3.267532","0","6"]],"bids":[["1826.11","91.231807","0","8"]],"ts":"1690862581148","seqId":12374751186}]}
{"arg":{"channel":"bbo-tbt","instId":"BTC-USDT"},"data":[{"asks":[["28836","1.06506986","0","4"]],"bids":[["28835.9","2.97324381","0","9"]],"ts":"1690862581186","seqId":13463047749}]}
{"arg":{"channel":"bbo-tbt","instId":"ETH-USDT"},"data":[{"asks":[["1826.12","3.267532","0","6"]],"bids":[["1826.11","92.309267","0","9"]],"ts":"1690862581398","seqId":12374751218}]}
{"arg":{"channel":"bbo-tbt","instId":"ETH-USDT"},"data":[{"asks":[["1826.12","3.267532","0","6"]],"bids":[["1826.11","93.052552","0","10"]],"ts":"1690862581418","seqId":12374751222}]}
{"arg":{"channel":"bbo-tbt","instId":"BTC-USDT"},"data":[{"asks":[["28836","1.07206986","0","5"]],"bids":[["28835.9","3.04165381","0","10"]],"ts":"1690862581476","seqId":13463047873}]}
{"arg":{"channel":"bbo-tbt","instId":"BTC-USDT"},"data":[{"asks":[["28836","1.07206986","0","5"]],"bids":[["28835.9","4.14165381","0","11"]],"ts":"1690862581516","seqId":13463047894}]}
{"arg":{"channel":"bbo-tbt","instId":"BTC-USDT"},"data":[{"asks":[["28836","0.78245986","0","4"]],"bids":[["28835.9","4.14165381","0","11"]],"ts":"1690862581526","seqId":13463047902}]}
{"arg":{"channel":"bbo-tbt","instId":"ETH-USDT"},"data":[{"asks":[["1826.12","3.267532","0","6"]],"bids":[["1826.11","93.062452","0","11"]],"ts":"1690862581638","seqId":12374751256}]}
{"arg":{"channel":"bbo-tbt","instId":"ETH-USDT"},"data":[{"asks":[["1826.12","3.267532","0","6"]],"bids":[["1826.11","93.071652","0","12"]],"ts":"1690862581768","seqId":12374751320}]}
{"arg":{"channel":"bbo-tbt","instId":"BTC-USDT"},"data":[{"asks":[["28836","0.78245986","0","4"]],"bids":[["28835.9","4.17177381","0","12"]],"ts":"1690862581816","seqId":13463047956}]}
{"arg":{"channel":"bbo-tbt","instId":"ETH-USDT"},"data":[{"asks":[["1826.12","3.267532","0","6"]],"bids":[["1826.11","93.081052","0","13"]],"ts":"1690862581938","seqId":12374751343}]}
{"arg":{"channel":"bbo-tbt","instId":"ETH-USDT"},"data":[{"asks":[["1826.12","3.275532","0","7"]],"bids":[["1826.11","93.081052","0","13"]],"ts":"1690862582078","seqId":12374751356}]}
{"arg":{"channel":"bbo-tbt","instId":"ETH-USDT"},"data":[{"asks":[["1826.12","3.275532","0","7"]],"bids":[["1826.11","93.090352","0","14"]],"ts":"1690862582108","seqId":12374751363}]}
{"arg":{"channel":"bbo-tbt","instId":"ETH-USDT"},"data":[{"asks":[["1826.12","3.275532","0","7"]],"bids":[["1826.11","93.097752","0","15"]],"ts":"1690862582138","seqId":12374751367}]}
{"arg":{"channel":"bbo-tbt","instId":"ETH-USDT"},"data":[{"asks":[["1826.12","3.275532","0","7"]],"bids":[["1826.11","92.020292","0","14"]],"ts":"1690862582258","seqId":12374751385}]}
{"arg":{"channel":"bbo-tbt","instId":"ETH-USDT"},"data":[{"asks":[["1826.12","3.275532","0","7"]],"bids":[["1826.11","91.277007","0","13"]],"ts":"1690862582268","seqId":12374751386}]}
{"arg":{"channel":"bbo-tbt","instId":"ETH-USDT"},"data":[{"asks":[["1826.12","3.275532","0","7"]],"bids":[["1826.11","92.020292","0","14"]],"ts":"1690862582318","seqId":12374751397}]}
{"arg":{"channel":"bbo-tbt","instId":"ETH-USDT"},"data":[{"asks":[["1826.12","3.285332","0","8"]],"bids":[["1826.11","92.020292","0","14"]],"ts":"1690862582328","seqId":12374751401}]}
{"arg":{"channel":"bbo-tbt","instId":"BTC-USDT"},"data":[{"asks":[["28836","0.78120986","0","4"]],"bids":[["28835.9","4.17177381","0","12"]],"ts":"1690862582336","seqId":13463048014}]}
{"arg":{"channel":"bbo-tbt","instId":"ETH-USDT"},"data":[{"asks":[["1826.12","3.285332","0","8"]],"bids":[["1826.11","91.277007","0","13"]],"ts":"1690862582338","seqId":12374751402}]}
{"arg":{"channel":"bbo-tbt","instId":"BTC-USDT"},"data":[{"asks":[["28836","0.78045986","0","4"]],"bids":[["28835.9","4.17177381","0","12"]],"ts":"1690862582386","seqId":13463048021}]}
{"arg":{"channel":"bbo-tbt","instId":"ETH-USDT"},"data":[{"asks":[["1826.12","3.285332","0","8"]],"bids":[["1826.11","91.286407","0","14"]],"ts":"1690862582408","seqId":12374751408}]}
{"arg":{"channel":"bbo-tbt","instId":"ETH-USDT"},"data":[{"asks":[["1826.12","3.285332","0","8"]],"bids":[["1826.11","92.029692","0","15"]],"ts":"1690862582518","seqId":12374751415}]}
{"arg":{"channel":"bbo-tbt","instId":"BTC-USDT"},"data":[{"asks":[["28836","0.78045986","0","4"]],"bids":[["28835.9","4.27177381","0","13"]],"ts":"1690862582526","seqId":13463048042}]}
{"arg":{"channel":"bbo-tbt","instId":"ETH-USDT"},"data":[{"asks":[["1826.12","3.285332","0","8"]],"bids":[["1826.11","91.286407","0","14"]],"ts":"1690862582558","seqId":12374751422}]}
{"arg":{"channel":"bbo-tbt","instId":"BTC-USDT"},"data":[{"asks":[["28836","0.78385986","0","5"]],"bids":[["28835.9","4.27177381","0","13"]],"ts":"1690862582686","seqId":13463048065}]}
{"arg":{"channel":"bbo-tbt","instId":"ETH-USDT"},"data":[{"asks":[["1826.12","3.277832","0","8"]],"bids":[["1826.11","91.286407","0","14"]],"ts":"1690862582708","seqId":12374751445}]}
{"arg":{"channel":"bbo-tbt","instId":"BTC-USDT"},"data":[{"asks":[["28836","0.98005986","0","7"]],"bids":[["28835.9","4.27177381","0","13"]],"ts":"1690862582766","seqId":13463048088}]}
{"arg":{"channel":"bbo-tbt","instId":"BTC-USDT"},"data":[{"asks":[["28836","0.98005986","0","7"]],"bids":[["28835.9","3.17177381","0","12"]],"ts":"1690862582786","seqId":13463048107}]}
{"arg":{"channel":"bbo-tbt","instId":"BTC-USDT"},"data":[{"asks":[["28836","0.68005986","0","6"]],"bids":[["28835.9","3.17177381","0","12"]],"ts":"1690862582986","seqId":13463048166}]}
{"arg":{"channel":"bbo-tbt","instId":"ETH-USDT"},"data":[{"asks":[["1826.12","3.277832","0","8"]],"bids":[["1826.11","92.363867","0","15"]],"ts":"1690862582988","seqId":12374751462}]}
{"arg":{"channel":"bbo-tbt","instId":"BTC-USDT"},"data":[{"asks":[["28836","0.51545986","0","5"]],"bids":[["28835.9","4.27177381","0","13"]],"ts":"1690862582996","seqId":13463048196}]}
{"arg":{"channel":"bbo-tbt","instId":"BTC-USDT"},"data":[{"asks":[["28836","0.51545986","0","5"]],"bids":[["28835.9","6.35106924","0","15"]],"ts":"1690862583006","seqId":13463048253}]}
{"arg":{"channel":"bbo-tbt","instId":"ETH-USDT"},"data":[{"asks":[["1826.12","3.277832","0","8"]],"bids":[["1826.11","93.105108","0","16"]],"ts":"1690862583008","seqId":12374751479}]}
{"arg":{"channel":"bbo-tbt","instId":"ETH-USDT"},"data":[{"asks":[["1826.12","3.287632","0","9"]],"bids":[["1826.11","93.105108","0","16"]],"ts":"1690862583098","seqId":12374751514}]}
{"arg":{"channel":"bbo-tbt","instId":"BTC-USDT"},"data":[{"asks":[["28836","0.51545986","0","5"]],"bids":[["28835.9","6.45106924","0","16"]],"ts":"1690862583106","seqId":13463048449}]}
{"arg":{"channel":"bbo-tbt","instId":"BTC-USDT"},"data":[{"asks":[["28836","0.51545986","0","5"]],"bids":[["28835.9","6.65419831","0","18"]],"ts":"1690862583186","seqId":13463048529}]}
{"arg":{"channel":"bbo-tbt","instId":"BTC-USDT"},"data":[{"asks":[["28836","0.68005986","0","6"]],"bids":[["28835.9","6.65419831","0","18"]],"ts":"1690862583276","seqId":13463048622}]}
{"arg":{"channel":"bbo-tbt","instId":"ETH-USDT"},"data":[{"asks":[["1826.12","3.287632","0","9"]],"bids":[["1826.11","92.363867","0","15"]],"ts":"1690862583298","seqId":12374751556}]}
{"arg":{"channel":"bbo-tbt","instId":"ETH-USDT"},"data":[{"asks":[["1826.12","3.287632","0","9"]],"bids":[["1826.11","91.286407","0","14"]],"ts":"1690862583368","seqId":12374751569}]}
{"arg":{"channel":"bbo-tbt","instId":"ETH-USDT"},"data":[{"asks":[["1826.12","3.287632","0","9"]],"bids":[["1826.11","92.027648","0","15"]],"ts":"1690862583418","seqId":12374751579}]}
{"arg":{"channel":"bbo-tbt","instId":"ETH-USDT"},"data":[{"asks":[["1826.12","3.287632","0","9"]],"bids":[["1826.11","91.286407","0","14"]],"ts":"1690862583438","seqId":12374751584}]}
{"arg":{"channel":"bbo-tbt","instId":"ETH-USDT"},"data":[{"asks":[["1826.12","3.254776","0","9"]],"bids":[["1826.11","91.286407","0","14"]],"ts":"1690862583498","seqId":12374751591}]}
{"arg":{"channel":"bbo-tbt","instId":"ETH-USDT"},"data":[{"asks":[["1826.12","3.254776","0","9"]],"bids":[["1826.11","92.027648","0","15"]],"ts":"1690862583518","seqId":12374751594}]}
{"arg":{"channel":"bbo-tbt","instId":"BTC-USDT"},"data":[{"asks":[["28836","0.89755986","0","7"]],"bids":[["28835.9","6.65419831","0","18"]],"ts":"1690862583576","seqId":13463048834}]}
{"arg":{"channel":"bbo-tbt","instId":"BTC-USDT"},"data":[{"asks":[["28836","0.89755986","0","7"]],"bids":[["28835.9","6.54392924","0","17"]],"ts":"1690862583586","seqId":13463048839}]}
{"arg":{"channel":"bbo-tbt","instId":"ETH-USDT"},"data":[{"asks":[["1826.12","3.254776","0","9"]],"bids":[["1826.11","91.286407","0","14"]],"ts":"1690862583708","seqId":12374751609}]}
{"arg":{"channel":"bbo-tbt","instId":"ETH-USDT"},"data":[{"asks":[["1826.12","3.254776","0","9"]],"bids":[["1826.11","92.027648","0","15"]],"ts":"1690862583828","seqId":12374751625}]}
{"arg":{"channel":"bbo-tbt","instId":"BTC-USDT"},"data":[{"asks":[["28836","0.89755986","0","7"]],"bids":[["28835.9","6.12300585","0","16"]],"ts":"1690862583846","seqId":13463048924}]}
{"arg":{"channel":"bbo-tbt","instId":"BTC-USDT"},"data":[{"asks":[["28836","0.68005986","0","6"]],"bids":[["28835.9","6.12300585","0","16"]],"ts":"1690862584056","seqId":13463049019}]}
{"arg":{"channel":"bbo-tbt","instId":"BTC-USDT"},"data":[{"asks":[["28836","0.6761897","0","6"]],"bids":[["28835.9","6.12300585","0","16"]],"ts":"1690862584066","seqId":13463049026}]}
{"arg":{"channel":"bbo-tbt","instId":"ETH-USDT"},"data":[{"asks":[["1826.12","3.154763","0","9"]],"bids":[["1826.11","93.105108","0","16"]],"ts":"1690862584148","seqId":12374751664}]}
{"arg":{"channel":"bbo-tbt","instId":"BTC-USDT"},"data":[{"asks":[["28836","0.9761897","0","7"]],"bids":[["28835.9","6.12300585","0","16"]],"ts":"1690862584266","seqId":13463049102}]}
{"arg":{"channel":"bbo-tbt","instId":"BTC-USDT"},"data":[{"asks":[["28836","0.9761897","0","7"]],"bids":[["28835.9","6.09288585","0","15"]],"ts":"1690862584276","seqId":13463049112}]}
{"arg":{"channel":"bbo-tbt","instId":"BTC-USDT"},"data":[{"asks":[["28836","0.9761897","0","7"]],"bids":[["28835.9","4.43451381","0","14"]],"ts":"1690862584286","seqId":13463049122}]}
{"arg":{"channel":"bbo-tbt","instId":"BTC-USDT"},"data":[{"asks":[["28836","0.9754397","0","7"]],"bids":[["28835.9","4.43451381","0","14"]],"ts":"1690862584456","seqId":13463049206}]}
{"arg":{"channel":"bbo-tbt","instId":"ETH-USDT"},"data":[{"asks":[["1826.12","3.154763","0","9"]],"bids":[["1826.11","92.027648","0","15"]],"ts":"1690862584478","seqId":12374751716}]}
{"arg":{"channel":"bbo-tbt","instId":"ETH-USDT"},"data":[{"asks":[["1826.12","3.154763","0","9"]],"bids":[["1826.11","91.286407","0","14"]],"ts":"1690862584488","seqId":12374751721}]}
{"arg":{"channel":"bbo-tbt","instId":"ETH-USDT"},"data":[{"asks":[["1826.12","3.154763","0","9"]],"bids":[["1826.11","92.02568","0","15"]],"ts":"1690862584618","seqId":12374751736}]}
{"arg":{"channel":"bbo-tbt","instId":"ETH-USDT"},"data":[{"asks":[["1826.12","3.154763","0","9"]],"bids":[["1826.11","91.286407","0","14"]],"ts":"1690862584688","seqId":12374751748}]}
{"arg":{"channel":"bbo-tbt","instId":"BTC-USDT"},"data":[{"asks":[["28836","0.9754397","0","7"]],"bids":[["28835.9","4.36610381","0","13"]],"ts":"1690862584696","seqId":13463049292}]}
{"arg":{"channel":"bbo-tbt","instId":"BTC-USDT"},"data":[{"asks":[["28836","0.9754397","0","7"]],"bids":[["28835.9","3.26610381","0","12"]],"ts":"1690862584726","seqId":13463049364}]}
{"arg":{"channel":"bbo-tbt","instId":"ETH-USDT"},"data":[{"asks":[["1826.12","6.154763","0","10"]],"bids":[["1826.11","91.286407","0","14"]],"ts":"1690862584728","seqId":12374751763}]}
{"arg":{"channel":"bbo-tbt","instId":"ETH-USDT"},"data":[{"asks":[["1826.12","3.154763","0","9"]],"bids":[["1826.11","89.744308","0","13"]],"ts":"1690862584738","seqId":12374751771}]}
{"arg":{"channel":"bbo-tbt","instId":"ETH-USDT"},"data":[{"asks":[["1826.12","3.146463","0","8"]],"bids":[["1826.11","89.744308","0","13"]],"ts":"1690862584748","seqId":12374751774}]}
{"arg":{"channel":"bbo-tbt","instId":"BTC-USDT"},"data":[{"asks":[["28836","0.9754397","0","7"]],"bids":[["28835.9","4.43451381","0","14"]],"ts":"1690862584776","seqId":13463049383}]}
{"arg":{"channel":"bbo-tbt","instId":"ETH-USDT"},"data":[{"asks":[["1826.12","3.138963","0","8"]],"bids":[["1826.11","89.744308","0","13"]],"ts":"1690862584778","seqId":12374751779}]}
{"arg":{"channel":"bbo-tbt","instId":"ETH-USDT"},"data":[{"asks":[["1826.12","3.138963","0","8"]],"bids":[["1826.11","87.944308","0","13"]],"ts":"1690862584808","seqId":12374751781}]}
{"arg":{"channel":"bbo-tbt","instId":"ETH-USDT"},"data":[{"asks":[["1826.12","3.138963","0","8"]],"bids":[["1826.11","74.944308","0","13"]],"ts":"1690862584828","seqId":12374751784}]}
{"arg":{"channel":"bbo-tbt","instId":"ETH-USDT"},"data":[{"asks":[["1826.12","3.138963","0","8"]],"bids":[["1826.11","71.244308","0","13"]],"ts":"1690862584838","seqId":12374751789}]}
{"arg":{"channel":"bbo-tbt","instId":"ETH-USDT"},"data":[{"asks":[["1826.12","6.138963","0","9"]],"bids":[["1826.11","70.844308","0","13"]],"ts":"1690862584848","seqId":12374751794}]}
{"arg":{"channel":"bbo-tbt","instId":"ETH-USDT"},"data":[{"asks":[["1826.12","6.138963","0","9"]],"bids":[["1826.11","64.844308","0","13"]],"ts":"1690862584858","seqId":12374751797}]}
{"arg":{"channel":"bbo-tbt","instId":"BTC-USDT"},"data":[{"asks":[["28836","0.96234843","0","7"]],"bids":[["28835.9","4.43451381","0","14"]],"ts":"1690862584956","seqId":13463049452}]}
{"arg":{"channel":"bbo-tbt","instId":"ETH-USDT"},"data":[{"asks":[["1826.12","3.138963","0","8"]],"bids":[["1826.11","64.844308","0","13"]],"ts":"1690862585028","seqId":12374751822}]}
{"arg":{"channel":"bbo-tbt","instId":"ETH-USDT"},"data":[{"asks":[["1826.12","5.764963","0","9"]],"bids":[["1826.11","64.844308","0","13"]],"ts":"1690862585038","seqId":12374751824}]}
{"arg":{"channel":"bbo-tbt","instId":"ETH-USDT"},"data":[{"asks":[["1826.12","3.143963","0","9"]],"bids":[["1826.11","64.844308","0","13"]],"ts":"1690862585218","seqId":12374751839}]}
{"arg":{"channel":"bbo-tbt","instId":"ETH-USDT"},"data":[{"asks":[["1826.12","5.769963","0","10"]],"bids":[["1826.11","64.844308","0","13"]],"ts":"1690862585258","seqId":12374751841}]}
{"arg":{"channel":"bbo-tbt","instId":"ETH-USDT"},"data":[{"asks":[["1826.12","3.143963","0","9"]],"bids":[["1826.11","64.844308","0","13"]],"ts":"1690862585288","seqId":12374751845}]}
{"arg":{"channel":"bbo-tbt","instId":"ETH-USDT"},"data":[{"asks":[["1826.12","6.143963","0","10"]],"bids":[["1826.11","64.844308","0","13"]],"ts":"1690862585378","seqId":12374751857}]}
{"arg":{"channel":"bbo-tbt","instId":"ETH-USDT"},"data":[{"asks":[["1826.12","6.143963","0","10"]],"bids":[["1826.11","60.244308","0","13"]],"ts":"1690862585388","seqId":12374751865}]}
{"arg":{"channel":"bbo-tbt","instId":"ETH-USDT"},"data":[{"asks":[["1826.12","6.143963","0","10"]],"bids":[["1826.11","55.744308","0","13"]],"ts":"1690862585498","seqId":12374751881}]}
{"arg":{"channel":"bbo-tbt","instId":"BTC-USDT"},"data":[{"asks":[["28836","0.96234843","0","7"]],"bids":[["28835.9","4.49546381","0","15"]],"ts":"1690862585926","seqId":13463049554}]}
{"arg":{"channel":"bbo-tbt","instId":"ETH-USDT"},"data":[{"asks":[["1826.12","6.143963","0","10"]],"bids":[["1826.11","56.821768","0","14"]],"ts":"1690862585928","seqId":12374751919}]}
{"arg":{"channel":"bbo-tbt","instId":"ETH-USDT"},"data":[{"asks":[["1826.12","3.143963","0","9"]],"bids":[["1826.11","56.821768","0","14"]],"ts":"1690862585978","seqId":12374751931}]}
{"arg":{"channel":"bbo-tbt","instId":"ETH-USDT"},"data":[{"asks":[["1826.12","3.143963","0","9"]],"bids":[["1826.11","55.744308","0","13"]],"ts":"1690862586098","seqId":12374751948}]}
{"arg":{"channel":"bbo-tbt","instId":"ETH-USDT"},"data":[{"asks":[["1826.12","5.769963","0","10"]],"bids":[["1826.11","55.744308","0","13"]],"ts":"1690862586108","seqId":12374751954}]}
{"arg":{"channel":"bbo-tbt","instId":"ETH-USDT"},"data":[{"asks":[["1826.12","5.869963","0","11"]],"bids":[["1826.11","55.744308","0","13"]],"ts":"1690862586328","seqId":12374751975}]}
{"arg":{"channel":"bbo-tbt","instId":"BTC-USDT"},"data":[{"asks":[["28836","0.96159843","0","7"]],"bids":[["28835.9","4.49546381","0","15"]],"ts":"1690862586526","seqId":13463049765}]}
{"arg":{"channel":"bbo-tbt","instId":"ETH-USDT"},"data":[{"asks":[["1826.12","3.243963","0","10"]],"bids":[["1826.11","55.744308","0","13"]],"ts":"1690862586768","seqId":12374752005}]}
{"arg":{"channel":"bbo-tbt","instId":"ETH-USDT"},"data":[{"asks":[["1826.12","3.143925","0","8"]],"bids":[["1826.11","55.744308","0","13"]],"ts":"1690862586798","seqId":12374752015}]}
{"arg":{"channel":"bbo-tbt","instId":"ETH-USDT"},"data":[{"asks":[["1826.12","3.143925","0","8"]],"bids":[["1826.11","55.736808","0","13"]],"ts":"1690862586858","seqId":12374752019}]}
{"arg":{"channel":"bbo-tbt","instId":"ETH-USDT"},"data":[{"asks":[["1826.12","3.143925","0","8"]],"bids":[["1826.11","56.814268","0","14"]],"ts":"1690862586868","seqId":12374752023}]}
{"arg":{"channel":"bbo-tbt","instId":"BTC-USDT"},"data":[{"asks":[["28836","0.66159843","0","6"]],"bids":[["28835.9","4.49546381","0","15"]],"ts":"1690862586876","seqId":13463049872}]}
{"arg":{"channel":"bbo-tbt","instId":"BTC-USDT"},"data":[{"asks":[["28836","0.49699843","0","5"]],"bids":[["28835.9","4.49546381","0","15"]],"ts":"1690862586906","seqId":13463049884}]}
{"arg":{"channel":"bbo-tbt","instId":"BTC-USDT"},"data":[{"asks":[["28836","0.66159843","0","6"]],"bids":[["28835.9","4.25087875","0","13"]],"ts":"1690862586996","seqId":13463049916}]}
{"arg":{"channel":"bbo-tbt","instId":"ETH-USDT"},"data":[{"asks":[["1826.12","2.659097","0","8"]],"bids":[["1826.11","56.814268","0","14"]],"ts":"1690862587018","seqId":12374752031}]}
{"arg":{"channel":"bbo-tbt","instId":"ETH-USDT"},"data":[{"asks":[["1826.12","2.668397","0","9"]],"bids":[["1826.11","56.814268","0","14"]],"ts":"1690862587078","seqId":12374752035}]}
{"arg":{"channel":"bbo-tbt","instId":"BTC-USDT"},"data":[{"asks":[["28836","0.66159843","0","6"]],"bids":[["28835.9","4.25028934","0","13"]],"ts":"1690862587136","seqId":13463049946}]}
{"arg":{"channel":"bbo-tbt","instId":"ETH-USDT"},"data":[{"asks":[["1826.12","3.745857","0","10"]],"bids":[["1826.11","36.263062","0","12"]],"ts":"1690862587288","seqId":12374752054}]}
{"arg":{"channel":"bbo-tbt","instId":"BTC-USDT"},"data":[{"asks":[["28836","0.96159843","0","7"]],"bids":[["28835.9","4.25028934","0","13"]],"ts":"1690862587296","seqId":13463049964}]}
{"arg":{"channel":"bbo-tbt","instId":"ETH-USDT"},"data":[{"asks":[["1826.12","6.745857","0","11"]],"bids":[["1826.11","36.263062","0","12"]],"ts":"1690862587298","seqId":12374752058}]}
{"arg":{"channel":"bbo-tbt","instId":"ETH-USDT"},"data":[{"asks":[["1826.12","5.668397","0","10"]],"bids":[["1826.11","36.263062","0","12"]],"ts":"1690862587338","seqId":12374752066}]}
{"arg":{"channel":"bbo-tbt","instId":"BTC-USDT"},"data":[{"asks":[["28836","1.06479843","0","8"]],"bids":[["28835.9","4.25028934","0","13"]],"ts":"1690862587346","seqId":13463049971}]}
{"arg":{"channel":"bbo-tbt","instId":"BTC-USDT"},"data":[{"asks":[["28836","1.09569843","0","9"]],"bids":[["28835.9","3.15028934","0","12"]],"ts":"1690862587356","seqId":13463049977}]}
{"arg":{"channel":"bbo-tbt","instId":"ETH-USDT"},"data":[{"asks":[["1826.12","5.668037","0","10"]],"bids":[["1826.11","36.263062","0","12"]],"ts":"1690862587358","seqId":12374752077}]}
{"arg":{"channel":"bbo-tbt","instId":"BTC-USDT"},"data":[{"asks":[["28836","1.09569843","0","9"]],"bids":[["28835.9","4.25028934","0","13"]],"ts":"1690862587376","seqId":13463050001}]}
{"arg":{"channel":"bbo-tbt","instId":"BTC-USDT"},"data":[{"asks":[["28836","1.09569843","0","9"]],"bids":[["28835.9","3.15028934","0","12"]],"ts":"1690862587526","seqId":13463050101}]}
{"arg":{"channel":"bbo-tbt","instId":"BTC-USDT"},"data":[{"asks":[["28836","1.09569843","0","9"]],"bids":[["28835.9","3.02092934","0","10"]],"ts":"1690862587556","seqId":13463050226}]}
{"arg":{"channel":"bbo-tbt","instId":"ETH-USDT"},"data":[{"asks":[["1826.12","5.668037","0","10"]],"bids":[["1826.11","35.763062","0","12"]],"ts":"1690862587628","seqId":12374752138}]}
{"arg":{"channel":"bbo-tbt","instId":"ETH-USDT"},"data":[{"asks":[["1826.12","5.668037","0","10"]],"bids":[["1826.11","31.464062","0","11"]],"ts":"1690862587638","seqId":12374752142}]}
{"arg":{"channel":"bbo-tbt","instId":"ETH-USDT"},"data":[{"asks":[["1826.12","5.660537","0","10"]],"bids":[["1826.11","24.215162","0","10"]],"ts":"1690862587668","seqId":12374752155}]}
{"arg":{"channel":"bbo-tbt","instId":"ETH-USDT"},"data":[{"asks":[["1826.12","5.660537","0","10"]],"bids":[["1826.11","29.126162","0","11"]],"ts":"1690862587708","seqId":12374752171}]}
{"arg":{"channel":"bbo-tbt","instId":"BTC-USDT"},"data":[{"asks":[["28836","1.09569843","0","9"]],"bids":[["28835.9","4.12092934","0","11"]],"ts":"1690862587716","seqId":13463050305}]}
{"arg":{"channel":"bbo-tbt","instId":"BTC-USDT"},"data":[{"asks":[["28836","1.09569843","0","9"]],"bids":[["28835.9","4.18933934","0","12"]],"ts":"1690862587826","seqId":13463050328}]}
{"arg":{"channel":"bbo-tbt","instId":"BTC-USDT"},"data":[{"asks":[["28836","1.09569843","0","9"]],"bids":[["28835.9","4.12092934","0","11"]],"ts":"1690862588106","seqId":13463050385}]}
{"arg":{"channel":"bbo-tbt","instId":"BTC-USDT"},"data":[{"asks":[["28836","1.09569843","0","9"]],"bids":[["28835.9","3.02092934","0","10"]],"ts":"1690862588156","seqId":13463050391}]}
{"arg":{"channel":"bbo-tbt","instId":"BTC-USDT"},"data":[{"asks":[["28836","1.09569843","0","9"]],"bids":[["28835.9","4.12092934","0","11"]],"ts":"1690862588246","seqId":13463050414}]}
{"arg":{"channel":"bbo-tbt","instId":"BTC-USDT"},"data":[{"asks":[["28836","1.09569843","0","9"]],"bids":[["28835.9","3.02092934","0","10"]],"ts":"1690862588276","seqId":13463050420}]}
{"arg":{"channel":"bbo-tbt","instId":"BTC-USDT"},"data":[{"asks":[["28836","1.09569843","0","9"]],"bids":[["28835.9","4.12092934","0","11"]],"ts":"1690862588326","seqId":13463050438}]}
{"arg":{"channel":"bbo-tbt","instId":"BTC-USDT"},"data":[{"asks":[["28836","1.09569843","0","9"]],"bids":[["28835.9","4.18933934","0","12"]],"ts":"1690862588386","seqId":13463050459}]}
{"arg":{"channel":"bbo-tbt","instId":"BTC-USDT"},"data":[{"asks":[["28836","1.09569843","0","9"]],"bids":[["28835.9","3.08933934","0","11"]],"ts":"1690862588396","seqId":13463050470}]}
{"arg":{"channel":"bbo-tbt","instId":"ETH-USDT"},"data":[{"asks":[["1826.12","2.660537","0","9"]],"bids":[["1826.11","29.126162","0","11"]],"ts":"1690862588628","seqId":12374752345}]}
{"arg":{"channel":"bbo-tbt","instId":"ETH-USDT"},"data":[{"asks":[["1826.12","5.286537","0","10"]],"bids":[["1826.11","29.126162","0","11"]],"ts":"1690862588638","seqId":12374752347}]}
{"arg":{"channel":"bbo-tbt","instId":"BTC-USDT"},"data":[{"asks":[["28836","1.09569843","0","9"]],"bids":[["28835.9","4.18933934","0","12"]],"ts":"1690862588926","seqId":13463050534}]}
{"arg":{"channel":"bbo-tbt","instId":"ETH-USDT"},"data":[{"asks":[["1826.12","5.286537","0","10"]],"bids":[["1826.11","29.118662","0","11"]],"ts":"1690862588928","seqId":12374752405}]}
{"arg":{"channel":"bbo-tbt","instId":"ETH-USDT"},"data":[{"asks":[["1826.12","2.660537","0","9"]],"bids":[["1826.11","29.118662","0","11"]],"ts":"1690862589008","seqId":12374752424}]}
{"arg":{"channel":"bbo-tbt","instId":"BTC-USDT"},"data":[{"asks":[["28836","0.79569843","0","8"]],"bids":[["28835.9","4.18933934","0","12"]],"ts":"1690862589106","seqId":13463050563}]}
{"arg":{"channel":"bbo-tbt","instId":"BTC-USDT"},"data":[{"asks":[["28836","0.79569843","0","8"]],"bids":[["28835.9","4.22776934","0","13"]],"ts":"1690862589176","seqId":13463050582}]}
{"arg":{"channel":"bbo-tbt","instId":"ETH-USDT"},"data":[{"asks":[["1826.12","2.660537","0","9"]],"bids":[["1826.11","30.196122","0","12"]],"ts":"1690862589858","seqId":12374752498}]}
{"arg":{"channel":"bbo-tbt","instId":"ETH-USDT"},"data":[{"asks":[["1826.12","2.660537","0","9"]],"bids":[["1826.11","29.118662","0","11"]],"ts":"1690862590258","seqId":12374752513}]}
{"arg":{"channel":"bbo-tbt","instId":"ETH-USDT"},"data":[{"asks":[["1826.12","2.660537","0","9"]],"bids":[["1826.11","30.196122","0","12"]],"ts":"1690862590548","seqId":12374752522}]}
{"arg":{"channel":"bbo-tbt","instId":"ETH-USDT"},"data":[{"asks":[["1826.12","2.660537","0","9"]],"bids":[["1826.11","29.118662","0","11"]],"ts":"1690862590578","seqId":12374752524}]}
{"arg":{"channel":"bbo-tbt","instId":"BTC-USDT"},"data":[{"asks":[["28836","0.83009843","0","9"]],"bids":[["28835.9","4.22776934","0","13"]],"ts":"1690862590656","seqId":13463050864}]}
{"arg":{"channel":"bbo-tbt","instId":"ETH-USDT"},"data":[{"asks":[["1826.12","2.660537","0","9"]],"bids":[["1826.11","29.111162","0","11"]],"ts":"1690862590988","seqId":12374752550}]}
{"arg":{"channel":"bbo-tbt","instId":"BTC-USDT"},"data":[{"asks":[["28836","0.83009843","0","9"]],"bids":[["28835.9","4.15895966","0","12"]],"ts":"1690862591356","seqId":13463050995}]}
{"arg":{"channel":"bbo-tbt","instId":"BTC-USDT"},"data":[{"asks":[["28836","0.83009843","0","9"]],"bids":[["28835.9","4.22736966","0","13"]],"ts":"1690862591426","seqId":13463051018}]}
{"arg":{"channel":"bbo-tbt","instId":"BTC-USDT"},"data":[{"asks":[["28836","0.66549843","0","8"]],"bids":[["28835.9","4.22736966","0","13"]],"ts":"1690862591786","seqId":13463051151}]}
{"arg":{"channel":"bbo-tbt","instId":"ETH-USDT"},"data":[{"asks":[["1826.12","2.660537","0","9"]],"bids":[["1826.11","30.188622","0","12"]],"ts":"1690862591788","seqId":12374752581}]}
{"arg":{"channel":"bbo-tbt","instId":"BTC-USDT"},"data":[{"asks":[["28836","0.66549843","0","8"]],"bids":[["28835.9","4.74002472","0","14"]],"ts":"1690862591856","seqId":13463051236}]}
{"arg":{"channel":"bbo-tbt","instId":"BTC-USDT"},"data":[{"asks":[["28836","0.66474843","0","8"]],"bids":[["28835.9","6.39839676","0","15"]],"ts":"1690862591866","seqId":13463051249}]}
{"arg":{"channel":"bbo-tbt","instId":"BTC-USDT"},"data":[{"asks":[["28836","0.66474843","0","8"]],"bids":[["28835.9","6.6886622","0","17"]],"ts":"1690862591876","seqId":13463051276}]}
{"arg":{"channel":"bbo-tbt","instId":"BTC-USDT"},"data":[{"asks":[["28836","0.66474843","0","8"]],"bids":[["28835.9","6.82074187","0","18"]],"ts":"1690862591886","seqId":13463051313}]}
{"arg":{"channel":"bbo-tbt","instId":"ETH-USDT"},"data":[{"asks":[["1826.12","2.660537","0","9"]],"bids":[["1826.11","44.46848","0","13"]],"ts":"1690862591888","seqId":12374752626}]}
{"arg":{"channel":"bbo-tbt","instId":"ETH-USDT"},"data":[{"asks":[["1826.12","2.660537","0","9"]],"bids":[["1826.11","45.193469","0","14"]],"ts":"1690862591908","seqId":12374752639}]}
{"arg":{"channel":"bbo-tbt","instId":"ETH-USDT"},"data":[{"asks":[["1826.12","2.660537","0","9"]],"bids":[["1826.11","44.46848","0","13"]],"ts":"1690862591928","seqId":12374752650}]}
{"arg":{"channel":"bbo-tbt","instId":"ETH-USDT"},"data":[{"asks":[["1826.12","2.660537","0","9"]],"bids":[["1826.11","45.193469","0","14"]],"ts":"1690862591968","seqId":12374752664}]}
{"arg":{"channel":"bbo-tbt","instId":"ETH-USDT"},"data":[{"asks":[["1826.12","2.660537","0","9"]],"bids":[["1826.11","44.46848","0","13"]],"ts":"1690862592018","seqId":12374752682}]}
{"arg":{"channel":"bbo-tbt","instId":"BTC-USDT"},"data":[{"asks":[["28836","0.66474843","0","8"]],"bids":[["28835.9","6.89874187","0","19"]],"ts":"1690862592026","seqId":13463051430}]}
{"arg":{"channel":"bbo-tbt","instId":"ETH-USDT"},"data":[{"asks":[["1826.12","2.660537","0","9"]],"bids":[["1826.11","43.39102","0","12"]],"ts":"1690862592268","seqId":12374752694}]}
{"arg":{"channel":"bbo-tbt","instId":"ETH-USDT"},"data":[{"asks":[["1826.12","2.660537","0","9"]],"bids":[["1826.11","44.46848","0","13"]],"ts":"1690862592838","seqId":12374752719}]}
{"arg":{"channel":"bbo-tbt","instId":"ETH-USDT"},"data":[{"asks":[["1826.12","2.660537","0","9"]],"bids":[["1826.11","43.39102","0","12"]],"ts":"1690862592898","seqId":12374752726}]}
{"arg":{"channel":"bbo-tbt","instId":"ETH-USDT"},"data":[{"asks":[["1826.12","2.653037","0","9"]],"bids":[["1826.11","43.39102","0","12"]],"ts":"1690862592978","seqId":12374752731}]}
{"arg":{"channel":"bbo-tbt","instId":"ETH-USDT"},"data":[{"asks":[["1826.12","2.653037","0","9"]],"bids":[["1826.11","44.46848","0","13"]],"ts":"1690862592988","seqId":12374752735}]}
{"arg":{"channel":"bbo-tbt","instId":"BTC-USDT"},"data":[{"asks":[["28836","0.66474843","0","8"]],"bids":[["28835.9","6.38608681","0","18"]],"ts":"1690862593076","seqId":13463051666}]}
{"arg":{"channel":"bbo-tbt","instId":"BTC-USDT"},"data":[{"asks":[["28836","0.66474843","0","8"]],"bids":[["28835.9","6.25400714","0","17"]],"ts":"1690862593086","seqId":13463051668}]}
{"arg":{"channel":"bbo-tbt","instId":"BTC-USDT"},"data":[{"asks":[["28836","0.66474843","0","8"]],"bids":[["28835.9","6.25575458","0","18"]],"ts":"1690862593176","seqId":13463051680}]}
{"arg":{"channel":"bbo-tbt","instId":"BTC-USDT"},"data":[{"asks":[["28836","0.66474843","0","8"]],"bids":[["28835.9","6.25400714","0","17"]],"ts":"1690862593196","seqId":13463051686}]}
{"arg":{"channel":"bbo-tbt","instId":"ETH-USDT"},"data":[{"asks":[["1826.12","2.653037","0","9"]],"bids":[["1826.11","43.39102","0","12"]],"ts":"1690862593238","seqId":12374752745}]}
{"arg":{"channel":"bbo-tbt","instId":"ETH-USDT"},"data":[{"asks":[["1826.12","2.643237","0","8"]],"bids":[["1826.11","43.39102","0","12"]],"ts":"1690862593338","seqId":12374752747}]}
{"arg":{"channel":"bbo-tbt","instId":"BTC-USDT"},"data":[{"asks":[["28836","0.82934843","0","9"]],"bids":[["28835.9","6.25400714","0","17"]],"ts":"1690862593536","seqId":13463051754}]}
{"arg":{"channel":"bbo-tbt","instId":"BTC-USDT"},"data":[{"asks":[["28836","0.66474843","0","8"]],"bids":[["28835.9","6.25400714","0","17"]],"ts":"1690862593696","seqId":13463051782}]}
{"arg":{"channel":"bbo-tbt","instId":"BTC-USDT"},"data":[{"asks":[["28836","0.66474843","0","8"]],"bids":[["28835.9","6.84942839","0","18"]],"ts":"1690862593946","seqId":13463051823}]}
{"arg":{"channel":"bbo-tbt","instId":"BTC-USDT"},"data":[{"asks":[["28836","0.66474843","0","8"]],"bids":[["28835.9","7.02198227","0","19"]],"ts":"1690862593956","seqId":13463051826}]}
{"arg":{"channel":"bbo-tbt","instId":"ETH-USDT"},"data":[{"asks":[["1826.12","2.652337","0","9"]],"bids":[["1826.11","43.39102","0","12"]],"ts":"1690862594168","seqId":12374752798}]}
{"arg":{"channel":"bbo-tbt","instId":"ETH-USDT"},"data":[{"asks":[["1826.12","2.652337","0","9"]],"bids":[["1826.11","44.46848","0","13"]],"ts":"1690862594558","seqId":12374752835}]}
{"arg":{"channel":"bbo-tbt","instId":"BTC-USDT"},"data":[{"asks":[["28836","0.65514239","0","8"]],"bids":[["28835.9","7.02198227","0","19"]],"ts":"1690862594776","seqId":13463051923}]}
{"arg":{"channel":"bbo-tbt","instId":"ETH-USDT"},"data":[{"asks":[["1826.12","2.652337","0","9"]],"bids":[["1826.11","43.39102","0","12"]],"ts":"1690862595338","seqId":12374752885}]}
{"arg":{"channel":"bbo-tbt","instId":"ETH-USDT"},"data":[{"asks":[["1826.12","2.652337","0","9"]],"bids":[["1826.11","43.38352","0","12"]],"ts":"1690862595348","seqId":12374752889}]}
{"arg":{"channel":"bbo-tbt","instId":"ETH-USDT"},"data":[{"asks":[["1826.12","2.652337","0","9"]],"bids":[["1826.11","44.46098","0","13"]],"ts":"1690862595488","seqId":12374752896}]}
{"arg":{"channel":"bbo-tbt","instId":"BTC-USDT"},"data":[{"asks":[["28836","0.65514239","0","8"]],"bids":[["28835.9","7.52030702","0","20"]],"ts":"1690862595506","seqId":13463052131}]}
{"arg":{"channel":"bbo-tbt","instId":"BTC-USDT"},"data":[{"asks":[["28836","0.65514239","0","8"]],"bids":[["28835.9","5.16950121","0","17"]],"ts":"1690862595516","seqId":13463052171}]}
{"arg":{"channel":"bbo-tbt","instId":"ETH-USDT"},"data":[{"asks":[["1826.12","3.729797","0","10"]],"bids":[["1826.11","29.103662","0","11"]],"ts":"1690862595518","seqId":12374752902}]}
{"arg":{"channel":"bbo-tbt","instId":"BTC-USDT"},"data":[{"asks":[["28836","0.81974239","0","9"]],"bids":[["28835.9","3.30014529","0","14"]],"ts":"1690862595526","seqId":13463052201}]}
{"arg":{"channel":"bbo-tbt","instId":"ETH-USDT"},"data":[{"asks":[["1826.12","15.626956","0","11"]],"bids":[["1826.11","29.103662","0","11"]],"ts":"1690862595528","seqId":12374752915}]}
{"arg":{"channel":"bbo-tbt","instId":"BTC-USDT"},"data":[{"asks":[["28836","1.10935239","0","10"]],"bids":[["28835.9","2.71196855","0","14"]],"ts":"1690862595536","seqId":13463052257}]}
{"arg":{"channel":"bbo-tbt","instId":"BTC-USDT"},"data":[{"asks":[["28836","1.40935239","0","11"]],"bids":[["28835.9","3.2165473","0","14"]],"ts":"1690862595546","seqId":13463052298}]}
{"arg":{"channel":"bbo-tbt","instId":"BTC-USDT"},"data":[{"asks":[["28836","1.40935239","0","11"]],"bids":[["28835.9","2.1165473","0","13"]],"ts":"1690862595556","seqId":13463052323}]}
{"arg":{"channel":"bbo-tbt","instId":"BTC-USDT"},"data":[{"asks":[["28836","1.40935239","0","11"]],"bids":[["28835.9","3.97872146","0","15"]],"ts":"1690862595566","seqId":13463052334}]}
{"arg":{"channel":"bbo-tbt","instId":"BTC-USDT"},"data":[{"asks":[["28836","1.40935239","0","11"]],"bids":[["28835.9","2.87872146","0","14"]],"ts":"1690862595576","seqId":13463052348}]}
{"arg":{"channel":"bbo-tbt","instId":"ETH-USDT"},"data":[{"asks":[["1826.12","15.964556","0","12"]],"bids":[["1826.11","29.103662","0","11"]],"ts":"1690862595578","seqId":12374752942}]}
{"arg":{"channel":"bbo-tbt","instId":"ETH-USDT"},"data":[{"asks":[["1826.12","15.626956","0","11"]],"bids":[["1826.11","29.103662","0","11"]],"ts":"1690862595588","seqId":12374752947}]}
{"arg":{"channel":"bbo-tbt","instId":"BTC-USDT"},"data":[{"asks":[["28836","1.40935239","0","11"]],"bids":[["28835.9","2.78586146","0","13"]],"ts":"1690862595606","seqId":13463052446}]}
{"arg":{"channel":"bbo-tbt","instId":"ETH-USDT"},"data":[{"asks":[["1826.12","12.626956","0","10"]],"bids":[["1826.11","29.103662","0","11"]],"ts":"1690862595608","seqId":12374752964}]}
{"arg":{"channel":"bbo-tbt","instId":"BTC-USDT"},"data":[{"asks":[["28836","1.40935239","0","11"]],"bids":[["28835.9","2.70142468","0","12"]],"ts":"1690862595616","seqId":13463052469}]}
{"arg":{"channel":"bbo-tbt","instId":"BTC-USDT"},"data":[{"asks":[["28836","1.40935239","0","11"]],"bids":[["28835.9","3.80142468","0","13"]],"ts":"1690862595626","seqId":13463052477}]}
{"arg":{"channel":"bbo-tbt","instId":"BTC-USDT"},"data":[{"asks":[["28836","1.40935239","0","11"]],"bids":[["28835.9","4.75833455","0","14"]],"ts":"1690862595646","seqId":13463052486}]}
{"arg":{"channel":"bbo-tbt","instId":"ETH-USDT"},"data":[{"asks":[["1826.12","2.652337","0","9"]],"bids":[["1826.11","29.103662","0","11"]],"ts":"1690862595648","seqId":12374752972}]}
{"arg":{"channel":"bbo-tbt","instId":"ETH-USDT"},"data":[{"asks":[["1826.12","4.569821","0","10"]],"bids":[["1826.11","29.103662","0","11"]],"ts":"1690862595668","seqId":12374752989}]}
{"arg":{"channel":"bbo-tbt","instId":"ETH-USDT"},"data":[{"asks":[["1826.12","2.652337","0","9"]],"bids":[["1826.11","29.103662","0","11"]],"ts":"1690862595678","seqId":12374752999}]}
{"arg":{"channel":"bbo-tbt","instId":"BTC-USDT"},"data":[{"asks":[["28836","1.10935239","0","10"]],"bids":[["28835.9","4.68033455","0","13"]],"ts":"1690862595706","seqId":13463052551}]}
{"arg":{"channel":"bbo-tbt","instId":"BTC-USDT"},"data":[{"asks":[["28836","1.10935239","0","10"]],"bids":[["28835.9","4.74874455","0","14"]],"ts":"1690862595866","seqId":13463052608}]}
{"arg":{"channel":"bbo-tbt","instId":"BTC-USDT"},"data":[{"asks":[["28836","0.81974239","0","9"]],"bids":[["28835.9","4.74874455","0","14"]],"ts":"1690862596016","seqId":13463052654}]}
{"arg":{"channel":"bbo-tbt","instId":"ETH-USDT"},"data":[{"asks":[["1826.12","2.652337","0","9"]],"bids":[["1826.11","30.181122","0","12"]],"ts":"1690862596018","seqId":12374753091}]}
{"arg":{"channel":"bbo-tbt","instId":"ETH-USDT"},"data":[{"asks":[["1826.12","2.652337","0","9"]],"bids":[["1826.11","29.103662","0","11"]],"ts":"1690862596078","seqId":12374753098}]}
{"arg":{"channel":"bbo-tbt","instId":"BTC-USDT"},"data":[{"asks":[["28836","0.81974239","0","9"]],"bids":[["28835.9","3.64874455","0","13"]],"ts":"1690862596106","seqId":13463052708}]}
{"arg":{"channel":"bbo-tbt","instId":"BTC-USDT"},"data":[{"asks":[["28836","1.10935239","0","10"]],"bids":[["28835.9","3.64874455","0","13"]],"ts":"1690862596116","seqId":13463052715}]}
{"arg":{"channel":"bbo-tbt","instId":"BTC-USDT"},"data":[{"asks":[["28836","1.10935239","0","10"]],"bids":[["28835.9","3.58033455","0","12"]],"ts":"1690862596176","seqId":13463052749}]}
{"arg":{"channel":"bbo-tbt","instId":"BTC-USDT"},"data":[{"asks":[["28836","1.10935239","0","10"]],"bids":[["28835.9","3.64874455","0","13"]],"ts":"1690862596226","seqId":13463052791}]}
{"arg":{"channel":"bbo-tbt","instId":"BTC-USDT"},"data":[{"asks":[["28836","1.10935239","0","10"]],"bids":[["28835.9","4.74874455","0","14"]],"ts":"1690862596236","seqId":13463052801}]}
{"arg":{"channel":"bbo-tbt","instId":"BTC-USDT"},"data":[{"asks":[["28836","1.10935239","0","10"]],"bids":[["28835.9","4.74213095","0","14"]],"ts":"1690862596436","seqId":13463052888}]}
{"arg":{"channel":"bbo-tbt","instId":"BTC-USDT"},"data":[{"asks":[["28836","1.10935239","0","10"]],"bids":[["28835.9","4.74949095","0","15"]],"ts":"1690862596446","seqId":13463052890}]}
{"arg":{"channel":"bbo-tbt","instId":"ETH-USDT"},"data":[{"asks":[["1826.12","2.652337","0","9"]],"bids":[["1826.11","29.107032","0","12"]],"ts":"1690862596508","seqId":12374753152}]}
{"arg":{"channel":"bbo-tbt","instId":"ETH-USDT"},"data":[{"asks":[["1826.12","8.449117","0","12"]],"bids":[["1826.11","22.924962","0","10"]],"ts":"1690862596718","seqId":12374753191}]}
{"arg":{"channel":"bbo-tbt","instId":"BTC-USDT"},"data":[{"asks":[["28836","1.10935239","0","10"]],"bids":[["28835.9","3.31820455","0","11"]],"ts":"1690862596726","seqId":13463052923}]}
{"arg":{"channel":"bbo-tbt","instId":"ETH-USDT"},"data":[{"asks":[["1826.12","39.14336","0","17"]],"bids":[["1826.11","15.924962","0","9"]],"ts":"1690862596728","seqId":12374753255}]}
{"arg":{"channel":"bbo-tbt","instId":"ETH-USDT"},"data":[{"asks":[["1826.12","92.212832","0","19"]],"bids":[["1826.11","19.778962","0","11"]],"ts":"1690862596738","seqId":12374753316}]}
{"arg":{"channel":"bbo-tbt","instId":"ETH-USDT"},"data":[{"asks":[["1826.12","35.12736","0","17"]],"bids":[["1826.11","23.603962","0","12"]],"ts":"1690862596748","seqId":12374753367}]}
{"arg":{"channel":"bbo-tbt","instId":"BTC-USDT"},"data":[{"asks":[["28836","1.10935239","0","10"]],"bids":[["28835.9","2.36129468","0","10"]],"ts":"1690862596756","seqId":13463052940}]}
{"arg":{"channel":"bbo-tbt","instId":"ETH-USDT"},"data":[{"asks":[["1826.12","35.12736","0","17"]],"bids":[["1826.11","20.603962","0","11"]],"ts":"1690862596758","seqId":12374753378}]}
{"arg":{"channel":"bbo-tbt","instId":"BTC-USDT"},"data":[{"asks":[["28836","1.10935239","0","10"]],"bids":[["28835.9","3.1707041","0","11"]],"ts":"1690862596766","seqId":13463052946}]}
{"arg":{"channel":"bbo-tbt","instId":"ETH-USDT"},"data":[{"asks":[["1826.12","35.12736","0","17"]],"bids":[["1826.11","23.603962","0","12"]],"ts":"1690862596768","seqId":12374753380}]}
{"arg":{"channel":"bbo-tbt","instId":"ETH-USDT"},"data":[{"asks":[["1826.12","32.33058","0","15"]],"bids":[["1826.11","26.808532","0","13"]],"ts":"1690862596778","seqId":12374753388}]}
{"arg":{"channel":"bbo-tbt","instId":"ETH-USDT"},"data":[{"asks":[["1826.12","32.650701","0","15"]],"bids":[["1826.11","33.808532","0","14"]],"ts":"1690862596788","seqId":12374753407}]}
{"arg":{"channel":"bbo-tbt","instId":"BTC-USDT"},"data":[{"asks":[["28836","1.10935239","0","10"]],"bids":[["28835.9","4.2707041","0","12"]],"ts":"1690862596796","seqId":13463052952}]}
{"arg":{"channel":"bbo-tbt","instId":"ETH-USDT"},"data":[{"asks":[["1826.12","34.469631","0","16"]],"bids":[["1826.11","30.603962","0","13"]],"ts":"1690862596798","seqId":12374753425}]}
{"arg":{"channel":"bbo-tbt","instId":"ETH-USDT"},"data":[{"asks":[["1826.12","32.650701","0","15"]],"bids":[["1826.11","33.808532","0","14"]],"ts":"1690862596818","seqId":12374753431}]}
{"arg":{"channel":"bbo-tbt","instId":"BTC-USDT"},"data":[{"asks":[["28836","0.81974239","0","9"]],"bids":[["28835.9","4.6019941","0","14"]],"ts":"1690862596826","seqId":13463052979}]}
{"arg":{"channel":"bbo-tbt","instId":"ETH-USDT"},"data":[{"asks":[["1826.12","33.500981","0","16"]],"bids":[["1826.11","33.808532","0","14"]],"ts":"1690862596828","seqId":12374753437}]}
{"arg":{"channel":"bbo-tbt","instId":"ETH-USDT"},"data":[{"asks":[["1826.12","32.650701","0","15"]],"bids":[["1826.11","33.808532","0","14"]],"ts":"1690862596878","seqId":12374753462}]}
{"arg":{"channel":"bbo-tbt","instId":"ETH-USDT"},"data":[{"asks":[["1826.12","35.150701","0","16"]],"bids":[["1826.11","33.808532","0","14"]],"ts":"1690862596898","seqId":12374753475}]}
{"arg":{"channel":"bbo-tbt","instId":"BTC-USDT"},"data":[{"asks":[["28836","0.81974239","0","9"]],"bids":[["28835.9","4.5335841","0","13"]],"ts":"1690862596996","seqId":13463053022}]}
{"arg":{"channel":"bbo-tbt","instId":"ETH-USDT"},"data":[{"asks":[["1826.12","32.650701","0","15"]],"bids":[["1826.11","26.808532","0","13"]],"ts":"1690862596998","seqId":12374753492}]}
{"arg":{"channel":"bbo-tbt","instId":"ETH-USDT"},"data":[{"asks":[["1826.12","32.650701","0","15"]],"bids":[["1826.11","33.808532","0","14"]],"ts":"1690862597058","seqId":12374753500}]}
{"arg":{"channel":"bbo-tbt","instId":"ETH-USDT"},"data":[{"asks":[["1826.12","25.884067","0","15"]],"bids":[["1826.11","33.808532","0","14"]],"ts":"1690862597088","seqId":12374753510}]}
{"arg":{"channel":"bbo-tbt","instId":"ETH-USDT"},"data":[{"asks":[["1826.12","27.702997","0","16"]],"bids":[["1826.11","30.603962","0","13"]],"ts":"1690862597148","seqId":12374753521}]}
{"arg":{"channel":"bbo-tbt","instId":"BTC-USDT"},"data":[{"asks":[["28836","0.81974239","0","9"]],"bids":[["28835.9","4.6019941","0","14"]],"ts":"1690862597186","seqId":13463053061}]}
{"arg":{"channel":"bbo-tbt","instId":"BTC-USDT"},"data":[{"asks":[["28836","1.11974239","0","10"]],"bids":[["28835.9","4.6019941","0","14"]],"ts":"1690862597206","seqId":13463053065}]}
{"arg":{"channel":"bbo-tbt","instId":"BTC-USDT"},"data":[{"asks":[["28836","1.11974239","0","10"]],"bids":[["28835.9","4.5335841","0","13"]],"ts":"1690862597256","seqId":13463053080}]}
{"arg":{"channel":"bbo-tbt","instId":"ETH-USDT"},"data":[{"asks":[["1826.12","29.321709","0","16"]],"bids":[["1826.11","30.603962","0","13"]],"ts":"1690862597358","seqId":12374753534}]}
{"arg":{"channel":"bbo-tbt","instId":"ETH-USDT"},"data":[{"asks":[["1826.12","29.321709","0","16"]],"bids":[["1826.11","33.808532","0","14"]],"ts":"1690862597378","seqId":12374753536}]}
{"arg":{"channel":"bbo-tbt","instId":"ETH-USDT"},"data":[{"asks":[["1826.12","29.321709","0","16"]],"bids":[["1826.11","30.596462","0","13"]],"ts":"1690862597418","seqId":12374753540}]}
{"arg":{"channel":"bbo-tbt","instId":"BTC-USDT"},"data":[{"asks":[["28836","1.40935239","0","11"]],"bids":[["28835.9","4.5328341","0","13"]],"ts":"1690862597616","seqId":13463053137}]}
{"arg":{"channel":"bbo-tbt","instId":"ETH-USDT"},"data":[{"asks":[["1826.12","29.32172","0","16"]],"bids":[["1826.11","30.596462","0","13"]],"ts":"1690862598018","seqId":12374753576}]}
{"arg":{"channel":"bbo-tbt","instId":"BTC-USDT"},"data":[{"asks":[["28836","1.40935239","0","11"]],"bids":[["28835.9","4.6012441","0","14"]],"ts":"1690862598186","seqId":13463053296}]}
{"arg":{"channel":"bbo-tbt","instId":"BTC-USDT"},"data":[{"asks":[["28836","1.40935239","0","11"]],"bids":[["28835.9","4.5328341","0","13"]],"ts":"1690862598256","seqId":13463053315}]}
{"arg":{"channel":"bbo-tbt","instId":"ETH-USDT"},"data":[{"asks":[["1826.12","29.31372","0","15"]],"bids":[["1826.11","30.596462","0","13"]],"ts":"1690862598398","seqId":12374753585}]}
{"arg":{"channel":"bbo-tbt","instId":"BTC-USDT"},"data":[{"asks":[["28836","1.40935239","0","11"]],"bids":[["28835.9","4.6012441","0","14"]],"ts":"1690862598496","seqId":13463053332}]}
{"arg":{"channel":"bbo-tbt","instId":"BTC-USDT"},"data":[{"asks":[["28836","1.11974239","0","10"]],"bids":[["28835.9","4.6012441","0","14"]],"ts":"1690862598536","seqId":13463053343}]}
{"arg":{"channel":"bbo-tbt","instId":"BTC-USDT"},"data":[{"asks":[["28836","1.10240296","0","10"]],"bids":[["28835.9","4.6012441","0","14"]],"ts":"1690862598546","seqId":13463053350}]}
{"arg":{"channel":"bbo-tbt","instId":"BTC-USDT"},"data":[{"asks":[["28836","1.10240296","0","10"]],"bids":[["28835.9","4.6061041","0","15"]],"ts":"1690862598636","seqId":13463053367}]}
{"arg":{"channel":"bbo-tbt","instId":"ETH-USDT"},"data":[{"asks":[["1826.12","23.432917","0","12"]],"bids":[["1826.11","33.801032","0","14"]],"ts":"1690862598638","seqId":12374753606}]}
{"arg":{"channel":"bbo-tbt","instId":"ETH-USDT"},"data":[{"asks":[["1826.12","21.388342","0","13"]],"bids":[["1826.11","33.801032","0","14"]],"ts":"1690862598648","seqId":12374753615}]}
{"arg":{"channel":"bbo-tbt","instId":"ETH-USDT"},"data":[{"asks":[["1826.12","16.084236","0","12"]],"bids":[["1826.11","33.801032","0","14"]],"ts":"1690862598678","seqId":12374753641}]}
{"arg":{"channel":"bbo-tbt","instId":"BTC-USDT"},"data":[{"asks":[["28836","1.24350296","0","12"]],"bids":[["28835.9","4.6061041","0","15"]],"ts":"1690862598796","seqId":13463053407}]}
{"arg":{"channel":"bbo-tbt","instId":"BTC-USDT"},"data":[{"asks":[["28836","1.24350296","0","12"]],"bids":[["28835.9","4.6012441","0","14"]],"ts":"1690862599176","seqId":13463053480}]}
{"arg":{"channel":"bbo-tbt","instId":"BTC-USDT"},"data":[{"asks":[["28836","1.53311296","0","13"]],"bids":[["28835.9","4.5328341","0","13"]],"ts":"1690862599186","seqId":13463053528}]}
{"arg":{"channel":"bbo-tbt","instId":"ETH-USDT"},"data":[{"asks":[["1826.12","17.903166","0","13"]],"bids":[["1826.11","30.596462","0","13"]],"ts":"1690862599198","seqId":12374753697}]}
{"arg":{"channel":"bbo-tbt","instId":"ETH-USDT"},"data":[{"asks":[["1826.12","16.084236","0","12"]],"bids":[["1826.11","33.801032","0","14"]],"ts":"1690862599268","seqId":12374753706}]}
{"arg":{"channel":"bbo-tbt","instId":"BTC-USDT"},"data":[{"asks":[["28836","1.24350296","0","12"]],"bids":[["28835.9","4.5328341","0","13"]],"ts":"1690862599316","seqId":13463053611}]}
{"arg":{"channel":"bbo-tbt","instId":"BTC-USDT"},"data":[{"asks":[["28836","1.24350296","0","12"]],"bids":[["28835.9","4.6012441","0","14"]],"ts":"1690862599366","seqId":13463053623}]}
{"arg":{"channel":"bbo-tbt","instId":"ETH-USDT"},"data":[{"asks":[["1826.12","17.140106","0","13"]],"bids":[["1826.11","33.801032","0","14"]],"ts":"1690862599388","seqId":12374753713}]}
{"arg":{"channel":"bbo-tbt","instId":"ETH-USDT"},"data":[{"asks":[["1826.12","17.131006","0","12"]],"bids":[["1826.11","33.801032","0","14"]],"ts":"1690862599408","seqId":12374753714}]}
{"arg":{"channel":"bbo-tbt","instId":"ETH-USDT"},"data":[{"asks":[["1826.12","17.131006","0","12"]],"bids":[["1826.11","33.793532","0","14"]],"ts":"1690862599488","seqId":12374753719}]}
{"arg":{"channel":"bbo-tbt","instId":"ETH-USDT"},"data":[{"asks":[["1826.12","16.075136","0","11"]],"bids":[["1826.11","33.793532","0","14"]],"ts":"1690862599578","seqId":12374753725}]}
{"arg":{"channel":"bbo-tbt","instId":"BTC-USDT"},"data":[{"asks":[["28836","1.24350296","0","12"]],"bids":[["28835.9","4.6004941","0","14"]],"ts":"1690862599686","seqId":13463053669}]}
{"arg":{"channel":"bbo-tbt","instId":"ETH-USDT"},"data":[{"asks":[["1826.12","17.491316","0","12"]],"bids":[["1826.11","33.793532","0","14"]],"ts":"1690862599698","seqId":12374753730}]}
{"arg":{"channel":"bbo-tbt","instId":"ETH-USDT"},"data":[{"asks":[["1826.12","17.481516","0","11"]],"bids":[["1826.11","33.793532","0","14"]],"ts":"1690862599728","seqId":12374753734}]}
{"arg":{"channel":"bbo-tbt","instId":"ETH-USDT"},"data":[{"asks":[["1826.12","17.491116","0","12"]],"bids":[["1826.11","33.793532","0","14"]],"ts":"1690862599768","seqId":12374753741}]}
{"arg":{"channel":"bbo-tbt","instId":"ETH-USDT"},"data":[{"asks":[["1826.12","16.074936","0","11"]],"bids":[["1826.11","33.793532","0","14"]],"ts":"1690862599798","seqId":12374753745}]}
{"arg":{"channel":"bbo-tbt","instId":"ETH-USDT"},"data":[{"asks":[["1826.12","16.074937","0","11"]],"bids":[["1826.11","33.793532","0","14"]],"ts":"1690862600018","seqId":12374753770}]}
{"arg":{"channel":"bbo-tbt","instId":"ETH-USDT"},"data":[{"asks":[["1826.12","19.486678","0","12"]],"bids":[["1826.11","33.793532","0","14"]],"ts":"1690862600028","seqId":12374753773}]}
{"arg":{"channel":"bbo-tbt","instId":"ETH-USDT"},"data":[{"asks":[["1826.12","21.305608","0","13"]],"bids":[["1826.11","30.588962","0","13"]],"ts":"1690862600038","seqId":12374753776}]}
{"arg":{"channel":"bbo-tbt","instId":"BTC-USDT"},"data":[{"asks":[["28836","1.53311296","0","13"]],"bids":[["28835.9","4.6004941","0","14"]],"ts":"1690862600056","seqId":13463053730}]}
{"arg":{"channel":"bbo-tbt","instId":"BTC-USDT"},"data":[{"asks":[["28836","1.53311296","0","13"]],"bids":[["28835.9","4.5320841","0","13"]],"ts":"1690862600106","seqId":13463053750}]}
{"arg":{"channel":"bbo-tbt","instId":"ETH-USDT"},"data":[{"asks":[["1826.12","21.315408","0","14"]],"bids":[["1826.11","30.588962","0","13"]],"ts":"1690862600108","seqId":12374753777}]}
{"arg":{"channel":"bbo-tbt","instId":"BTC-USDT"},"data":[{"asks":[["28836","1.53311296","0","13"]],"bids":[["28835.9","4.6004941","0","14"]],"ts":"1690862600136","seqId":13463053761}]}
{"arg":{"channel":"bbo-tbt","instId":"BTC-USDT"},"data":[{"asks":[["28836","1.53311296","0","13"]],"bids":[["28835.9","4.5320841","0","13"]],"ts":"1690862600246","seqId":13463053781}]}
{"arg":{"channel":"bbo-tbt","instId":"BTC-USDT"},"data":[{"asks":[["28836","1.53311296","0","13"]],"bids":[["28835.9","3.4320841","0","12"]],"ts":"1690862600336","seqId":13463053810}]}
{"arg":{"channel":"bbo-tbt","instId":"BTC-USDT"},"data":[{"asks":[["28836","1.53311296","0","13"]],"bids":[["28835.9","4.6004941","0","14"]],"ts":"1690862600376","seqId":13463053825}]}
{"arg":{"channel":"bbo-tbt","instId":"BTC-USDT"},"data":[{"asks":[["28836","1.53236296","0","13"]],"bids":[["28835.9","4.6004941","0","14"]],"ts":"1690862600606","seqId":13463053862}]}
{"arg":{"channel":"bbo-tbt","instId":"ETH-USDT"},"data":[{"asks":[["1826.12","21.315408","0","14"]],"bids":[["1826.11","33.793532","0","14"]],"ts":"1690862601008","seqId":12374753835}]}
{"arg":{"channel":"bbo-tbt","instId":"ETH-USDT"},"data":[{"asks":[["1826.12","21.325308","0","15"]],"bids":[["1826.11","33.793532","0","14"]],"ts":"1690862601128","seqId":12374753837}]}
{"arg":{"channel":"bbo-tbt","instId":"ETH-USDT"},"data":[{"asks":[["1826.12","21.325308","0","15"]],"bids":[["1826.11","30.588962","0","13"]],"ts":"1690862601138","seqId":12374753839}]}
{"arg":{"channel":"bbo-tbt","instId":"ETH-USDT"},"data":[{"asks":[["1826.12","21.325308","0","15"]],"bids":[["1826.11","30.581462","0","13"]],"ts":"1690862601548","seqId":12374753852}]}
{"arg":{"channel":"bbo-tbt","instId":"BTC-USDT"},"data":[{"asks":[["28836","1.53236296","0","13"]],"bids":[["28835.9","4.5320841","0","13"]],"ts":"1690862601586","seqId":13463053995}]}
{"arg":{"channel":"bbo-tbt","instId":"ETH-USDT"},"data":[{"asks":[["1826.12","21.325308","0","15"]],"bids":[["1826.11","33.786032","0","14"]],"ts":"1690862601598","seqId":12374753854}]}
{"arg":{"channel":"bbo-tbt","instId":"BTC-USDT"},"data":[{"asks":[["28836","1.53236296","0","13"]],"bids":[["28835.9","4.6004941","0","14"]],"ts":"1690862601606","seqId":13463054006}]}
{"arg":{"channel":"bbo-tbt","instId":"ETH-USDT"},"data":[{"asks":[["1826.12","19.506378","0","14"]],"bids":[["1826.11","33.786032","0","14"]],"ts":"1690862601608","seqId":12374753856}]}
{"arg":{"channel":"bbo-tbt","instId":"ETH-USDT"},"data":[{"asks":[["1826.12","19.498878","0","14"]],"bids":[["1826.11","33.786032","0","14"]],"ts":"1690862601818","seqId":12374753858}]}
{"arg":{"channel":"bbo-tbt","instId":"BTC-USDT"},"data":[{"asks":[["28836","1.53236296","0","13"]],"bids":[["28835.9","4.5320841","0","13"]],"ts":"1690862601896","seqId":13463054038}]}
{"arg":{"channel":"bbo-tbt","instId":"BTC-USDT"},"data":[{"asks":[["28836","1.53236296","0","13"]],"bids":[["28835.9","4.6004941","0","14"]],"ts":"1690862601946","seqId":13463054047}]}
{"arg":{"channel":"bbo-tbt","instId":"BTC-USDT"},"data":[{"asks":[["28836","1.53236296","0","13"]],"bids":[["28835.9","3.5004941","0","13"]],"ts":"1690862602046","seqId":13463054087}]}
{"arg":{"channel":"bbo-tbt","instId":"ETH-USDT"},"data":[{"asks":[["1826.12","21.317809","0","15"]],"bids":[["1826.11","30.581462","0","13"]],"ts":"1690862602058","seqId":12374753882}]}
{"arg":{"channel":"bbo-tbt","instId":"BTC-USDT"},"data":[{"asks":[["28836","1.53236296","0","13"]],"bids":[["28835.9","3.4320841","0","12"]],"ts":"1690862602276","seqId":13463054144}]}
{"arg":{"channel":"bbo-tbt","instId":"ETH-USDT"},"data":[{"asks":[["1826.12","19.498879","0","14"]],"bids":[["1826.11","33.786032","0","14"]],"ts":"1690862602288","seqId":12374753888}]}
{"arg":{"channel":"bbo-tbt","instId":"BTC-USDT"},"data":[{"asks":[["28836","1.53236296","0","13"]],"bids":[["28835.9","4.5320841","0","13"]],"ts":"1690862602306","seqId":13463054145}]}
{"arg":{"channel":"bbo-tbt","instId":"BTC-USDT"},"data":[{"asks":[["28836","1.53236296","0","13"]],"bids":[["28835.9","4.6004941","0","14"]],"ts":"1690862602376","seqId":13463054158}]}
{"arg":{"channel":"bbo-tbt","instId":"BTC-USDT"},"data":[{"asks":[["28836","1.24275296","0","12"]],"bids":[["28835.9","4.6004941","0","14"]],"ts":"1690862602546","seqId":13463054189}]}
{"arg":{"channel":"bbo-tbt","instId":"ETH-USDT"},"data":[{"asks":[["1826.12","21.317809","0","15"]],"bids":[["1826.11","30.581462","0","13"]],"ts":"1690862602688","seqId":12374753922}]}
{"arg":{"channel":"bbo-tbt","instId":"ETH-USDT"},"data":[{"asks":[["1826.12","19.498879","0","14"]],"bids":[["1826.11","33.786032","0","14"]],"ts":"1690862602698","seqId":12374753925}]}
{"arg":{"channel":"bbo-tbt","instId":"BTC-USDT"},"data":[{"asks":[["28836","1.24200296","0","12"]],"bids":[["28835.9","4.6004941","0","14"]],"ts":"1690862602706","seqId":13463054211}]}
{"arg":{"channel":"bbo-tbt","instId":"BTC-USDT"},"data":[{"asks":[["28836","1.24200296","0","12"]],"bids":[["28835.9","4.5320841","0","13"]],"ts":"1690862602766","seqId":13463054217}]}
{"arg":{"channel":"bbo-tbt","instId":"BTC-USDT"},"data":[{"asks":[["28836","1.24200296","0","12"]],"bids":[["28835.9","4.6004941","0","14"]],"ts":"1690862602796","seqId":13463054220}]}
{"arg":{"channel":"bbo-tbt","instId":"ETH-USDT"},"data":[{"asks":[["1826.12","19.501392","0","15"]],"bids":[["1826.11","33.786032","0","14"]],"ts":"1690862602888","seqId":12374753942}]}
{"arg":{"channel":"bbo-tbt","instId":"ETH-USDT"},"data":[{"asks":[["1826.12","16.501392","0","14"]],"bids":[["1826.11","33.786032","0","14"]],"ts":"1690862603048","seqId":12374753949}]}
{"arg":{"channel":"bbo-tbt","instId":"BTC-USDT"},"data":[{"asks":[["28836","1.24200296","0","12"]],"bids":[["28835.9","4.5320841","0","13"]],"ts":"1690862603056","seqId":13463054238}]}
{"arg":{"channel":"bbo-tbt","instId":"ETH-USDT"},"data":[{"asks":[["1826.12","12.23789","0","14"]],"bids":[["1826.11","30.581462","0","13"]],"ts":"1690862603058","seqId":12374753968}]}
{"arg":{"channel":"bbo-tbt","instId":"ETH-USDT"},"data":[{"asks":[["1826.12","15.044683","0","15"]],"bids":[["1826.11","30.581462","0","13"]],"ts":"1690862603078","seqId":12374753986}]}
{"arg":{"channel":"bbo-tbt","instId":"BTC-USDT"},"data":[{"asks":[["28836","1.24200296","0","12"]],"bids":[["28835.9","4.6004941","0","14"]],"ts":"1690862603126","seqId":13463054252}]}
{"arg":{"channel":"bbo-tbt","instId":"ETH-USDT"},"data":[{"asks":[["1826.12","13.225753","0","14"]],"bids":[["1826.11","33.786032","0","14"]],"ts":"1690862603128","seqId":12374753988}]}
{"arg":{"channel":"bbo-tbt","instId":"ETH-USDT"},"data":[{"asks":[["1826.12","12.061212","0","14"]],"bids":[["1826.11","33.786032","0","14"]],"ts":"1690862603138","seqId":12374753993}]}
{"arg":{"channel":"bbo-tbt","instId":"ETH-USDT"},"data":[{"asks":[["1826.12","14.675172","0","15"]],"bids":[["1826.11","33.786032","0","14"]],"ts":"1690862603198","seqId":12374754002}]}
{"arg":{"channel":"bbo-tbt","instId":"ETH-USDT"},"data":[{"asks":[["1826.12","13.305572","0","15"]],"bids":[["1826.11","33.786032","0","14"]],"ts":"1690862603208","seqId":12374754006}]}
{"arg":{"channel":"bbo-tbt","instId":"BTC-USDT"},"data":[{"asks":[["28836","1.24200296","0","12"]],"bids":[["28835.9","4.7311841","0","15"]],"ts":"1690862603216","seqId":13463054267}]}
{"arg":{"channel":"bbo-tbt","instId":"ETH-USDT"},"data":[{"asks":[["1826.12","7.41896","0","12"]],"bids":[["1826.11","33.786032","0","14"]],"ts":"1690862603268","seqId":12374754014}]}
{"arg":{"channel":"bbo-tbt","instId":"BTC-USDT"},"data":[{"asks":[["28836","1.22890297","0","12"]],"bids":[["28835.9","4.7311841","0","15"]],"ts":"1690862603306","seqId":13463054293}]}
{"arg":{"channel":"bbo-tbt","instId":"BTC-USDT"},"data":[{"asks":[["28836","1.25640297","0","13"]],"bids":[["28835.9","4.6627741","0","14"]],"ts":"1690862603316","seqId":13463054298}]}
{"arg":{"channel":"bbo-tbt","instId":"BTC-USDT"},"data":[{"asks":[["28836","1.25640297","0","13"]],"bids":[["28835.9","4.7311841","0","15"]],"ts":"1690862603376","seqId":13463054314}]}
{"arg":{"channel":"bbo-tbt","instId":"ETH-USDT"},"data":[{"asks":[["1826.12","7.41896","0","12"]],"bids":[["1826.11","34.863492","0","15"]],"ts":"1690862603388","seqId":12374754054}]}
{"arg":{"channel":"bbo-tbt","instId":"BTC-USDT"},"data":[{"asks":[["28836","1.31830297","0","14"]],"bids":[["28835.9","4.7311841","0","15"]],"ts":"1690862603406","seqId":13463054330}]}
{"arg":{"channel":"bbo-tbt","instId":"ETH-USDT"},"data":[{"asks":[["1826.12","6.18596","0","11"]],"bids":[["1826.11","34.863492","0","15"]],"ts":"1690862603408","seqId":12374754075}]}
{"arg":{"channel":"bbo-tbt","instId":"BTC-USDT"},"data":[{"asks":[["28836","1.01830297","0","13"]],"bids":[["28835.9","4.7311841","0","15"]],"ts":"1690862603416","seqId":13463054336}]}
{"arg":{"channel":"bbo-tbt","instId":"ETH-USDT"},"data":[{"asks":[["1826.12","6.174094","0","11"]],"bids":[["1826.11","34.863492","0","15"]],"ts":"1690862603438","seqId":12374754081}]}
{"arg":{"channel":"bbo-tbt","instId":"BTC-USDT"},"data":[{"asks":[["28836","1.01830297","0","13"]],"bids":[["28835.9","4.6627741","0","14"]],"ts":"1690862603476","seqId":13463054350}]}
{"arg":{"channel":"bbo-tbt","instId":"ETH-USDT"},"data":[{"asks":[["1826.12","6.174094","0","11"]],"bids":[["1826.11","33.786032","0","14"]],"ts":"1690862603478","seqId":12374754098}]}
{"arg":{"channel":"bbo-tbt","instId":"BTC-USDT"},"data":[{"asks":[["28836","1.01830297","0","13"]],"bids":[["28835.9","3.5627741","0","13"]],"ts":"1690862603506","seqId":13463054353}]}
{"arg":{"channel":"bbo-tbt","instId":"BTC-USDT"},"data":[{"asks":[["28836","1.01830297","0","13"]],"bids":[["28835.9","4.6627741","0","14"]],"ts":"1690862603516","seqId":13463054359}]}
{"arg":{"channel":"bbo-tbt","instId":"BTC-USDT"},"data":[{"asks":[["28836","1.01830297","0","13"]],"bids":[["28835.9","3.5627741","0","13"]],"ts":"1690862603556","seqId":13463054368}]}
{"arg":{"channel":"bbo-tbt","instId":"BTC-USDT"},"data":[{"asks":[["28836","1.01830297","0","13"]],"bids":[["28835.9","4.6627741","0","14"]],"ts":"1690862603566","seqId":13463054374}]}
{"arg":{"channel":"bbo-tbt","instId":"BTC-USDT"},"data":[{"asks":[["28836","1.01830297","0","13"]],"bids":[["28835.9","4.7311841","0","15"]],"ts":"1690862603766","seqId":13463054408}]}
{"arg":{"channel":"bbo-tbt","instId":"ETH-USDT"},"data":[{"asks":[["1826.12","6.166594","0","11"]],"bids":[["1826.11","33.786032","0","14"]],"ts":"1690862603888","seqId":12374754116}]}
{"arg":{"channel":"bbo-tbt","instId":"ETH-USDT"},"data":[{"asks":[["1826.12","6.166578","0","11"]],"bids":[["1826.11","33.786032","0","14"]],"ts":"1690862604018","seqId":12374754120}]}
{"arg":{"channel":"bbo-tbt","instId":"BTC-USDT"},"data":[{"asks":[["28836","1.01830297","0","13"]],"bids":[["28835.9","4.6004941","0","14"]],"ts":"1690862604746","seqId":13463054508}]}
{"arg":{"channel":"bbo-tbt","instId":"BTC-USDT"},"data":[{"asks":[["28836","1.01755297","0","13"]],"bids":[["28835.9","4.6004941","0","14"]],"ts":"1690862604776","seqId":13463054512}]}
{"arg":{"channel":"bbo-tbt","instId":"ETH-USDT"},"data":[{"asks":[["1826.12","9.166578","0","12"]],"bids":[["1826.11","33.786032","0","14"]],"ts":"1690862604918","seqId":12374754158}]}
{"arg":{"channel":"bbo-tbt","instId":"ETH-USDT"},"data":[{"asks":[["1826.12","6.166578","0","11"]],"bids":[["1826.11","33.786032","0","14"]],"ts":"1690862604958","seqId":12374754160}]}
{"arg":{"channel":"bbo-tbt","instId":"ETH-USDT"},"data":[{"asks":[["1826.12","9.166578","0","12"]],"bids":[["1826.11","33.786032","0","14"]],"ts":"1690862605128","seqId":12374754168}]}
{"arg":{"channel":"bbo-tbt","instId":"BTC-USDT"},"data":[{"asks":[["28836","1.01755297","0","13"]],"bids":[["28835.9","4.5320841","0","13"]],"ts":"1690862605136","seqId":13463054543}]}
{"arg":{"channel":"bbo-tbt","instId":"BTC-USDT"},"data":[{"asks":[["28836","1.01755297","0","13"]],"bids":[["28835.9","4.6004941","0","14"]],"ts":"1690862605226","seqId":13463054561}]}
{"arg":{"channel":"bbo-tbt","instId":"BTC-USDT"},"data":[{"asks":[["28836","1.01755297","0","13"]],"bids":[["28835.9","4.5320841","0","13"]],"ts":"1690862605276","seqId":13463054574}]}
{"arg":{"channel":"bbo-tbt","instId":"BTC-USDT"},"data":[{"asks":[["28836","1.01755297","0","13"]],"bids":[["28835.9","3.4320841","0","12"]],"ts":"1690862605286","seqId":13463054579}]}
{"arg":{"channel":"bbo-tbt","instId":"BTC-USDT"},"data":[{"asks":[["28836","1.01755297","0","13"]],"bids":[["28835.9","3.5004941","0","13"]],"ts":"1690862605536","seqId":13463054603}]}
{"arg":{"channel":"bbo-tbt","instId":"BTC-USDT"},"data":[{"asks":[["28836","1.01755297","0","13"]],"bids":[["28835.9","3.4320841","0","12"]],"ts":"1690862605546","seqId":13463054607}]}
{"arg":{"channel":"bbo-tbt","instId":"BTC-USDT"},"data":[{"asks":[["28836","1.01755297","0","13"]],"bids":[["28835.9","4.5320841","0","13"]],"ts":"1690862605616","seqId":13463054628}]}
{"arg":{"channel":"bbo-tbt","instId":"BTC-USDT"},"data":[{"asks":[["28836","1.01755297","0","13"]],"bids":[["28835.9","4.6004941","0","14"]],"ts":"1690862605786","seqId":13463054651}]}
{"arg":{"channel":"bbo-tbt","instId":"ETH-USDT"},"data":[{"asks":[["1826.12","6.166578","0","11"]],"bids":[["1826.11","33.786032","0","14"]],"ts":"1690862605788","seqId":12374754212}]}
{"arg":{"channel":"bbo-tbt","instId":"ETH-USDT"},"data":[{"asks":[["1826.12","9.166578","0","12"]],"bids":[["1826.11","33.786032","0","14"]],"ts":"1690862605898","seqId":12374754228}]}
{"arg":{"channel":"bbo-tbt","instId":"ETH-USDT"},"data":[{"asks":[["1826.12","6.166578","0","11"]],"bids":[["1826.11","33.786032","0","14"]],"ts":"1690862605908","seqId":12374754229}]}
{"arg":{"channel":"bbo-tbt","instId":"ETH-USDT"},"data":[{"asks":[["1826.12","6.166594","0","11"]],"bids":[["1826.11","33.7916","0","15"]],"ts":"1690862606018","seqId":12374754247}]}
{"arg":{"channel":"bbo-tbt","instId":"BTC-USDT"},"data":[{"asks":[["28836","1.01755297","0","13"]],"bids":[["28835.9","4.5320841","0","13"]],"ts":"1690862606316","seqId":13463054729}]}
{"arg":{"channel":"bbo-tbt","instId":"ETH-USDT"},"data":[{"asks":[["1826.12","9.166594","0","12"]],"bids":[["1826.11","33.7916","0","15"]],"ts":"1690862606328","seqId":12374754270}]}
{"arg":{"channel":"bbo-tbt","instId":"ETH-USDT"},"data":[{"asks":[["1826.12","6.166594","0","11"]],"bids":[["1826.11","33.7916","0","15"]],"ts":"1690862606348","seqId":12374754274}]}
{"arg":{"channel":"bbo-tbt","instId":"BTC-USDT"},"data":[{"asks":[["28836","1.01755297","0","13"]],"bids":[["28835.9","4.6004941","0","14"]],"ts":"1690862606356","seqId":13463054737}]}
{"arg":{"channel":"bbo-tbt","instId":"BTC-USDT"},"data":[{"asks":[["28836","1.01755297","0","13"]],"bids":[["28835.9","4.5320841","0","13"]],"ts":"1690862606566","seqId":13463054755}]}
{"arg":{"channel":"bbo-tbt","instId":"ETH-USDT"},"data":[{"asks":[["1826.12","9.166594","0","12"]],"bids":[["1826.11","33.7916","0","15"]],"ts":"1690862606568","seqId":12374754286}]}
{"arg":{"channel":"bbo-tbt","instId":"BTC-USDT"},"data":[{"asks":[["28836","1.01755297","0","13"]],"bids":[["28835.9","3.4320841","0","12"]],"ts":"1690862606586","seqId":13463054763}]}
{"arg":{"channel":"bbo-tbt","instId":"BTC-USDT"},"data":[{"asks":[["28836","1.30716297","0","14"]],"bids":[["28835.9","3.4320841","0","12"]],"ts":"1690862606816","seqId":13463054817}]}
{"arg":{"channel":"bbo-tbt","instId":"ETH-USDT"},"data":[{"asks":[["1826.12","9.166594","0","12"]],"bids":[["1826.11","26.7916","0","14"]],"ts":"1690862606888","seqId":12374754317}]}
{"arg":{"channel":"bbo-tbt","instId":"ETH-USDT"},"data":[{"asks":[["1826.12","10.985524","0","13"]],"bids":[["1826.11","23.58703","0","13"]],"ts":"1690862606898","seqId":12374754321}]}
{"arg":{"channel":"bbo-tbt","instId":"BTC-USDT"},"data":[{"asks":[["28836","1.30716297","0","14"]],"bids":[["28835.9","3.5004941","0","13"]],"ts":"1690862606906","seqId":13463054904}]}
{"arg":{"channel":"bbo-tbt","instId":"ETH-USDT"},"data":[{"asks":[["1826.12","10.985524","0","13"]],"bids":[["1826.11","30.58703","0","14"]],"ts":"1690862606928","seqId":12374754323}]}
{"arg":{"channel":"bbo-tbt","instId":"BTC-USDT"},"data":[{"asks":[["28836","1.30716297","0","14"]],"bids":[["28835.9","3.1335841","0","11"]],"ts":"1690862606936","seqId":13463054943}]}
{"arg":{"channel":"bbo-tbt","instId":"ETH-USDT"},"data":[{"asks":[["1826.12","15.699996","0","14"]],"bids":[["1826.11","23.58703","0","13"]],"ts":"1690862606938","seqId":12374754330}]}
{"arg":{"channel":"bbo-tbt","instId":"BTC-USDT"},"data":[{"asks":[["28836","1.30716297","0","14"]],"bids":[["28835.9","2.32417468","0","10"]],"ts":"1690862606946","seqId":13463054980}]}
{"arg":{"channel":"bbo-tbt","instId":"ETH-USDT"},"data":[{"asks":[["1826.12","18.146908","0","15"]],"bids":[["1826.11","23.58703","0","13"]],"ts":"1690862606948","seqId":12374754337}]}
{"arg":{"channel":"bbo-tbt","instId":"BTC-USDT"},"data":[{"asks":[["28836","2.51671348","0","16"]],"bids":[["28835.9","2.06054468","0","9"]],"ts":"1690862606956","seqId":13463055003}]}
{"arg":{"channel":"bbo-tbt","instId":"BTC-USDT"},"data":[{"asks":[["28836","3.59352348","0","17"]],"bids":[["28835.9","2.06054468","0","9"]],"ts":"1690862606966","seqId":13463055012}]}
{"arg":{"channel":"bbo-tbt","instId":"ETH-USDT"},"data":[{"asks":[["1826.12","19.224368","0","16"]],"bids":[["1826.11","23.58703","0","13"]],"ts":"1690862606968","seqId":12374754353}]}
{"arg":{"channel":"bbo-tbt","instId":"ETH-USDT"},"data":[{"asks":[["1826.12","23.872363","0","17"]],"bids":[["1826.11","23.58703","0","13"]],"ts":"1690862606988","seqId":12374754373}]}
{"arg":{"channel":"bbo-tbt","instId":"BTC-USDT"},"data":[{"asks":[["28836","2.49352348","0","16"]],"bids":[["28835.9","2.06054468","0","9"]],"ts":"1690862607006","seqId":13463055038}]}
{"arg":{"channel":"bbo-tbt","instId":"BTC-USDT"},"data":[{"asks":[["28836","3.59352348","0","17"]],"bids":[["28835.9","2.06054468","0","9"]],"ts":"1690862607066","seqId":13463055187}]}
{"arg":{"channel":"bbo-tbt","instId":"BTC-USDT"},"data":[{"asks":[["28836","2.49352348","0","16"]],"bids":[["28835.9","2.06054468","0","9"]],"ts":"1690862607096","seqId":13463055212}]}
{"arg":{"channel":"bbo-tbt","instId":"BTC-USDT"},"data":[{"asks":[["28836","2.65052348","0","17"]],"bids":[["28835.9","2.06054468","0","9"]],"ts":"1690862607216","seqId":13463055271}]}
{"arg":{"channel":"bbo-tbt","instId":"BTC-USDT"},"data":[{"asks":[["28836","3.75052348","0","18"]],"bids":[["28835.9","2.06054468","0","9"]],"ts":"1690862607266","seqId":13463055275}]}
{"arg":{"channel":"bbo-tbt","instId":"BTC-USDT"},"data":[{"asks":[["28836","2.65052348","0","17"]],"bids":[["28835.9","2.06054468","0","9"]],"ts":"1690862607306","seqId":13463055444}]}
{"arg":{"channel":"bbo-tbt","instId":"ETH-USDT"},"data":[{"asks":[["1826.12","22.794903","0","16"]],"bids":[["1826.11","23.58703","0","13"]],"ts":"1690862607458","seqId":12374754495}]}
{"arg":{"channel":"bbo-tbt","instId":"BTC-USDT"},"data":[{"asks":[["28836","2.65052348","0","17"]],"bids":[["28835.9","2.32342468","0","10"]],"ts":"1690862607546","seqId":13463055519}]}
{"arg":{"channel":"bbo-tbt","instId":"BTC-USDT"},"data":[{"asks":[["28836","2.71463243","0","18"]],"bids":[["28835.9","2.32342468","0","10"]],"ts":"1690862607596","seqId":13463055531}]}
{"arg":{"channel":"bbo-tbt","instId":"BTC-USDT"},"data":[{"asks":[["28836","2.81463243","0","19"]],"bids":[["28835.9","2.32342468","0","10"]],"ts":"1690862607606","seqId":13463055534}]}
{"arg":{"channel":"bbo-tbt","instId":"BTC-USDT"},"data":[{"asks":[["28836","2.86065942","0","20"]],"bids":[["28835.9","2.32342468","0","10"]],"ts":"1690862607616","seqId":13463055538}]}
{"arg":{"channel":"bbo-tbt","instId":"ETH-USDT"},"data":[{"asks":[["1826.12","23.872363","0","17"]],"bids":[["1826.11","23.48953","0","13"]],"ts":"1690862607688","seqId":12374754505}]}
{"arg":{"channel":"bbo-tbt","instId":"BTC-USDT"},"data":[{"asks":[["28836","2.81463243","0","19"]],"bids":[["28835.9","2.32342468","0","10"]],"ts":"1690862607916","seqId":13463055590}]}
{"arg":{"channel":"bbo-tbt","instId":"BTC-USDT"},"data":[{"asks":[["28836","2.81463243","0","19"]],"bids":[["28835.9","2.06054468","0","9"]],"ts":"1690862608016","seqId":13463055603}]}
{"arg":{"channel":"bbo-tbt","instId":"ETH-USDT"},"data":[{"asks":[["1826.12","25.105364","0","18"]],"bids":[["1826.11","23.48953","0","13"]],"ts":"1690862608018","seqId":12374754533}]}
{"arg":{"channel":"bbo-tbt","instId":"BTC-USDT"},"data":[{"asks":[["28836","3.91463243","0","20"]],"bids":[["28835.9","2.06054468","0","9"]],"ts":"1690862608046","seqId":13463055616}]}
{"arg":{"channel":"bbo-tbt","instId":"BTC-USDT"},"data":[{"asks":[["28836","2.81463243","0","19"]],"bids":[["28835.9","2.06054468","0","9"]],"ts":"1690862608076","seqId":13463055629}]}
{"arg":{"channel":"bbo-tbt","instId":"BTC-USDT"},"data":[{"asks":[["28836","2.81463243","0","19"]],"bids":[["28835.9","2.32342468","0","10"]],"ts":"1690862608356","seqId":13463055660}]}
{"arg":{"channel":"bbo-tbt","instId":"ETH-USDT"},"data":[{"asks":[["1826.12","24.027904","0","17"]],"bids":[["1826.11","23.48953","0","13"]],"ts":"1690862608378","seqId":12374754549}]}
{"arg":{"channel":"bbo-tbt","instId":"BTC-USDT"},"data":[{"asks":[["28836","2.81463243","0","19"]],"bids":[["28835.9","2.32267468","0","10"]],"ts":"1690862609016","seqId":13463055766}]}
{"arg":{"channel":"bbo-tbt","instId":"BTC-USDT"},"data":[{"asks":[["28836","2.81411225","0","19"]],"bids":[["28835.9","2.32267468","0","10"]],"ts":"1690862609276","seqId":13463055800}]}
{"arg":{"channel":"bbo-tbt","instId":"ETH-USDT"},"data":[{"asks":[["1826.12","24.020404","0","17"]],"bids":[["1826.11","23.48953","0","13"]],"ts":"1690862609778","seqId":12374754593}]}
{"arg":{"channel":"bbo-tbt","instId":"BTC-USDT"},"data":[{"asks":[["28836","2.81363988","0","19"]],"bids":[["28835.9","2.32267468","0","10"]],"ts":"1690862609796","seqId":13463055830}]}
{"arg":{"channel":"bbo-tbt","instId":"ETH-USDT"},"data":[{"asks":[["1826.12","24.020404","0","17"]],"bids":[["1826.11","30.48953","0","14"]],"ts":"1690862609848","seqId":12374754595}]}
{"arg":{"channel":"bbo-tbt","instId":"ETH-USDT"},"data":[{"asks":[["1826.12","24.020404","0","17"]],"bids":[["1826.11","23.48953","0","13"]],"ts":"1690862609858","seqId":12374754598}]}
{"arg":{"channel":"bbo-tbt","instId":"BTC-USDT"},"data":[{"asks":[["28836","2.71363988","0","18"]],"bids":[["28835.9","2.32267468","0","10"]],"ts":"1690862609926","seqId":13463055852}]}
{"arg":{"channel":"bbo-tbt","instId":"BTC-USDT"},"data":[{"asks":[["28836","2.64953093","0","17"]],"bids":[["28835.9","2.32267468","0","10"]],"ts":"1690862609936","seqId":13463055854}]}
{"arg":{"channel":"bbo-tbt","instId":"ETH-USDT"},"data":[{"asks":[["1826.12","24.225287","0","18"]],"bids":[["1826.11","23.48953","0","13"]],"ts":"1690862610038","seqId":12374754603}]}
{"arg":{"channel":"bbo-tbt","instId":"BTC-USDT"},"data":[{"asks":[["28836","2.64953093","0","17"]],"bids":[["28835.9","2.33228076","0","11"]],"ts":"1690862610086","seqId":13463055877}]}
{"arg":{"channel":"bbo-tbt","instId":"ETH-USDT"},"data":[{"asks":[["1826.12","28.862287","0","19"]],"bids":[["1826.11","23.48953","0","13"]],"ts":"1690862610108","seqId":12374754605}]}
{"arg":{"channel":"bbo-tbt","instId":"BTC-USDT"},"data":[{"asks":[["28836","2.53998042","0","16"]],"bids":[["28835.9","2.33228076","0","11"]],"ts":"1690862610446","seqId":13463055981}]}
{"arg":{"channel":"bbo-tbt","instId":"ETH-USDT"},"data":[{"asks":[["1826.12","28.862287","0","19"]],"bids":[["1826.11","30.48953","0","14"]],"ts":"1690862610448","seqId":12374754625}]}
{"arg":{"channel":"bbo-tbt","instId":"ETH-USDT"},"data":[{"asks":[["1826.12","28.862287","0","19"]],"bids":[["1826.11","23.48953","0","13"]],"ts":"1690862610458","seqId":12374754629}]}
{"arg":{"channel":"bbo-tbt","instId":"ETH-USDT"},"data":[{"asks":[["1826.12","29.939747","0","20"]],"bids":[["1826.11","23.48953","0","13"]],"ts":"1690862610558","seqId":12374754651}]}
{"arg":{"channel":"bbo-tbt","instId":"ETH-USDT"},"data":[{"asks":[["1826.12","34.451309","0","21"]],"bids":[["1826.11","23.48203","0","13"]],"ts":"1690862610568","seqId":12374754700}]}
{"arg":{"channel":"bbo-tbt","instId":"ETH-USDT"},"data":[{"asks":[["1826.12","34.45131","0","21"]],"bids":[["1826.11","23.48203","0","13"]],"ts":"1690862610628","seqId":12374754719}]}
{"arg":{"channel":"bbo-tbt","instId":"BTC-USDT"},"data":[{"asks":[["28836","2.53998042","0","16"]],"bids":[["28835.9","2.33153076","0","11"]],"ts":"1690862611106","seqId":13463056114}]}
{"arg":{"channel":"bbo-tbt","instId":"BTC-USDT"},"data":[{"asks":[["28836","2.38298042","0","15"]],"bids":[["28835.9","2.33153076","0","11"]],"ts":"1690862611136","seqId":13463056122}]}
{"arg":{"channel":"bbo-tbt","instId":"ETH-USDT"},"data":[{"asks":[["1826.12","35.24631","0","22"]],"bids":[["1826.11","23.48203","0","13"]],"ts":"1690862611138","seqId":12374754754}]}
{"arg":{"channel":"bbo-tbt","instId":"ETH-USDT"},"data":[{"asks":[["1826.12","33.630676","0","21"]],"bids":[["1826.11","23.48203","0","13"]],"ts":"1690862611148","seqId":12374754761}]}
{"arg":{"channel":"bbo-tbt","instId":"ETH-USDT"},"data":[{"asks":[["1826.12","33.620876","0","20"]],"bids":[["1826.11","23.48203","0","13"]],"ts":"1690862611348","seqId":12374754775}]}
{"arg":{"channel":"bbo-tbt","instId":"ETH-USDT"},"data":[{"asks":[["1826.12","32.543416","0","19"]],"bids":[["1826.11","23.48203","0","13"]],"ts":"1690862611538","seqId":12374754786}]}
{"arg":{"channel":"bbo-tbt","instId":"ETH-USDT"},"data":[{"asks":[["1826.12","32.543416","0","19"]],"bids":[["1826.11","20.48203","0","12"]],"ts":"1690862611778","seqId":12374754804}]}
{"arg":{"channel":"bbo-tbt","instId":"ETH-USDT"},"data":[{"asks":[["1826.12","32.543416","0","19"]],"bids":[["1826.11","23.48203","0","13"]],"ts":"1690862611788","seqId":12374754806}]}
{"arg":{"channel":"bbo-tbt","instId":"ETH-USDT"},"data":[{"asks":[["1826.12","33.620876","0","20"]],"bids":[["1826.11","23.48203","0","13"]],"ts":"1690862611798","seqId":12374754807}]}
{"arg":{"channel":"bbo-tbt","instId":"ETH-USDT"},"data":[{"asks":[["1826.12","33.620876","0","20"]],"bids":[["1826.11","20.48203","0","12"]],"ts":"1690862611808","seqId":12374754812}]}
{"arg":{"channel":"bbo-tbt","instId":"ETH-USDT"},"data":[{"asks":[["1826.12","40.620876","0","21"]],"bids":[["1826.11","20.48203","0","12"]],"ts":"1690862611838","seqId":12374754816}]}
{"arg":{"channel":"bbo-tbt","instId":"ETH-USDT"},"data":[{"asks":[["1826.12","39.543416","0","20"]],"bids":[["1826.11","20.48203","0","12"]],"ts":"1690862611848","seqId":12374754818}]}
{"arg":{"channel":"bbo-tbt","instId":"ETH-USDT"},"data":[{"asks":[["1826.12","40.620876","0","21"]],"bids":[["1826.11","10.89203","0","9"]],"ts":"1690862611938","seqId":12374754828}]}
{"arg":{"channel":"bbo-tbt","instId":"BTC-USDT"},"data":[{"asks":[["28836","3.48298042","0","16"]],"bids":[["28835.9","2.33153076","0","11"]],"ts":"1690862611956","seqId":13463056302}]}
{"arg":{"channel":"bbo-tbt","instId":"BTC-USDT"},"data":[{"asks":[["28836","3.52622049","0","17"]],"bids":[["28835.9","2.33153076","0","11"]],"ts":"1690862612036","seqId":13463056344}]}
{"arg":{"channel":"bbo-tbt","instId":"BTC-USDT"},"data":[{"asks":[["28836","3.59463049","0","18"]],"bids":[["28835.9","1.3064766","0","9"]],"ts":"1690862612066","seqId":13463056365}]}
{"arg":{"channel":"bbo-tbt","instId":"ETH-USDT"},"data":[{"asks":[["1826.12","40.620922","0","21"]],"bids":[["1826.11","10.89203","0","9"]],"ts":"1690862612068","seqId":12374754849}]}
{"arg":{"channel":"bbo-tbt","instId":"BTC-USDT"},"data":[{"asks":[["28836","3.82726563","0","21"]],"bids":[["28835.9","0.76807472","0","8"]],"ts":"1690862612076","seqId":13463056427}]}
{"arg":{"channel":"bbo-tbt","instId":"ETH-USDT"},"data":[{"asks":[["1826.12","45.790835","0","22"]],"bids":[["1826.11","10.89203","0","9"]],"ts":"1690862612078","seqId":12374754870}]}
{"arg":{"channel":"bbo-tbt","instId":"BTC-USDT"},"data":[{"asks":[["28836","4.35302563","0","23"]],"bids":[["28835.9","0.59408472","0","7"]],"ts":"1690862612086","seqId":13463056467}]}
{"arg":{"channel":"bbo-tbt","instId":"ETH-USDT"},"data":[{"asks":[["1826.12","46.133462","0","22"]],"bids":[["1826.11","10.89203","0","9"]],"ts":"1690862612098","seqId":12374754924}]}
{"arg":{"channel":"bbo-tbt","instId":"ETH-USDT"},"data":[{"asks":[["1826.12","46.338345","0","23"]],"bids":[["1826.11","8.131367","0","9"]],"ts":"1690862612108","seqId":12374754932}]}
{"arg":{"channel":"bbo-tbt","instId":"ETH-USDT"},"data":[{"asks":[["1826.12","48.838345","0","24"]],"bids":[["1826.11","8.131367","0","9"]],"ts":"1690862612118","seqId":12374754936}]}
{"arg":{"channel":"bbo-tbt","instId":"ETH-USDT"},"data":[{"asks":[["1826.12","48.848345","0","25"]],"bids":[["1826.11","8.131367","0","9"]],"ts":"1690862612128","seqId":12374754953}]}
{"arg":{"channel":"bbo-tbt","instId":"BTC-USDT"},"data":[{"asks":[["28836","4.35302563","0","23"]],"bids":[["28835.9","0.41408468","0","6"]],"ts":"1690862612136","seqId":13463056570}]}
{"arg":{"channel":"bbo-tbt","instId":"ETH-USDT"},"data":[{"asks":[["1826.12","48.848345","0","25"]],"bids":[["1826.11","6.071367","0","9"]],"ts":"1690862612138","seqId":12374754988}]}
{"arg":{"channel":"bbo-tbt","instId":"ETH-USDT"},"data":[{"asks":[["1826.12","49.111313","0","26"]],"bids":[["1826.11","6.071367","0","9"]],"ts":"1690862612148","seqId":12374754998}]}
{"arg":{"channel":"bbo-tbt","instId":"ETH-USDT"},"data":[{"asks":[["1826.12","49.111313","0","26"]],"bids":[["1826.11","1.986627","0","9"]],"ts":"1690862612158","seqId":12374755002}]}
{"arg":{"channel":"bbo-tbt","instId":"BTC-USDT"},"data":[{"asks":[["28836","4.35302563","0","23"]],"bids":[["28835.9","0.6368604","0","7"]],"ts":"1690862612186","seqId":13463056604}]}
{"arg":{"channel":"bbo-tbt","instId":"BTC-USDT"},"data":[{"asks":[["28836","4.28461563","0","22"]],"bids":[["28835.9","0.6368604","0","7"]],"ts":"1690862612296","seqId":13463056688}]}
{"arg":{"channel":"bbo-tbt","instId":"BTC-USDT"},"data":[{"asks":[["28836","4.69122607","0","22"]],"bids":[["28835.9","0.6368604","0","7"]],"ts":"1690862612306","seqId":13463056699}]}
{"arg":{"channel":"bbo-tbt","instId":"BTC-USDT"},"data":[{"asks":[["28836","4.7605913","0","23"]],"bids":[["28835.9","0.6368604","0","7"]],"ts":"1690862612316","seqId":13463056703}]}
{"arg":{"channel":"bbo-tbt","instId":"BTC-USDT"},"data":[{"asks":[["28836","4.75989773","0","23"]],"bids":[["28835.9","0.6368604","0","7"]],"ts":"1690862612376","seqId":13463056720}]}
{"arg":{"channel":"bbo-tbt","instId":"ETH-USDT"},"data":[{"asks":[["1826.12","49.111313","0","26"]],"bids":[["1826.11","1.98575","0","9"]],"ts":"1690862612388","seqId":12374755090}]}
{"arg":{"channel":"bbo-tbt","instId":"ETH-USDT"},"data":[{"asks":[["1826.12","49.111313","0","26"]],"bids":[["1826","3.413516","0","3"]],"ts":"1690862612438","seqId":12374755128}]}
{"arg":{"channel":"bbo-tbt","instId":"ETH-USDT"},"data":[{"asks":[["1826.01","29.354806","0","5"]],"bids":[["1826","6.138516","0","4"]],"ts":"1690862612448","seqId":12374755171}]}
{"arg":{"channel":"bbo-tbt","instId":"ETH-USDT"},"data":[{"asks":[["1826.01","29.354806","0","5"]],"bids":[["1826","3.232767","0","2"]],"ts":"1690862612508","seqId":12374755225}]}
{"arg":{"channel":"bbo-tbt","instId":"ETH-USDT"},"data":[{"asks":[["1826.01","38.272517","0","7"]],"bids":[["1826","3.232767","0","2"]],"ts":"1690862612518","seqId":12374755232}]}
{"arg":{"channel":"bbo-tbt","instId":"ETH-USDT"},"data":[{"asks":[["1826.01","40.041517","0","8"]],"bids":[["1826","3.232767","0","2"]],"ts":"1690862612528","seqId":12374755237}]}
{"arg":{"channel":"bbo-tbt","instId":"ETH-USDT"},"data":[{"asks":[["1826.01","44.00254","0","9"]],"bids":[["1826","3.232767","0","2"]],"ts":"1690862612538","seqId":12374755240}]}
{"arg":{"channel":"bbo-tbt","instId":"ETH-USDT"},"data":[{"asks":[["1826.01","37.00254","0","8"]],"bids":[["1826","3.232767","0","2"]],"ts":"1690862612558","seqId":12374755246}]}
{"arg":{"channel":"bbo-tbt","instId":"ETH-USDT"},"data":[{"asks":[["1826.01","35.92508","0","7"]],"bids":[["1826","3.232767","0","2"]],"ts":"1690862612618","seqId":12374755248}]}
{"arg":{"channel":"bbo-tbt","instId":"BTC-USDT"},"data":[{"asks":[["28836","4.23413773","0","21"]],"bids":[["28835.9","0.6368604","0","7"]],"ts":"1690862612626","seqId":13463056781}]}
{"arg":{"channel":"bbo-tbt","instId":"ETH-USDT"},"data":[{"asks":[["1826.01","37.00254","0","8"]],"bids":[["1826","3.225267","0","2"]],"ts":"1690862612628","seqId":12374755252}]}
{"arg":{"channel":"bbo-tbt","instId":"BTC-USDT"},"data":[{"asks":[["28836","4.1647725","0","20"]],"bids":[["28835.9","0.6368604","0","7"]],"ts":"1690862612636","seqId":13463056783}]}
{"arg":{"channel":"bbo-tbt","instId":"ETH-USDT"},"data":[{"asks":[["1826.01","44.00254","0","9"]],"bids":[["1826","3.225267","0","2"]],"ts":"1690862612638","seqId":12374755253}]}
{"arg":{"channel":"bbo-tbt","instId":"ETH-USDT"},"data":[{"asks":[["1826.01","37.00254","0","8"]],"bids":[["1826","3.225267","0","2"]],"ts":"1690862612688","seqId":12374755259}]}
{"arg":{"channel":"bbo-tbt","instId":"ETH-USDT"},"data":[{"asks":[["1826.01","35.92508","0","7"]],"bids":[["1826","3.225267","0","2"]],"ts":"1690862612708","seqId":12374755263}]}
{"arg":{"channel":"bbo-tbt","instId":"BTC-USDT"},"data":[{"asks":[["28836","4.23413773","0","21"]],"bids":[["28835.9","0.6368604","0","7"]],"ts":"1690862612786","seqId":13463056804}]}
{"arg":{"channel":"bbo-tbt","instId":"BTC-USDT"},"data":[{"asks":[["28836","3.75816206","0","20"]],"bids":[["28835.9","0.6368604","0","7"]],"ts":"1690862612796","seqId":13463056805}]}
{"arg":{"channel":"bbo-tbt","instId":"BTC-USDT"},"data":[{"asks":[["28836","3.68879683","0","19"]],"bids":[["28835.9","0.6368604","0","7"]],"ts":"1690862612806","seqId":13463056807}]}
{"arg":{"channel":"bbo-tbt","instId":"ETH-USDT"},"data":[{"asks":[["1826.01","35.92508","0","7"]],"bids":[["1825.89","2.306925","0","1"]],"ts":"1690862612848","seqId":12374755272}]}
{"arg":{"channel":"bbo-tbt","instId":"ETH-USDT"},"data":[{"asks":[["1825.9","3.266135","0","2"]],"bids":[["1825.89","3.159925","0","2"]],"ts":"1690862612858","seqId":12374755304}]}
{"arg":{"channel":"bbo-tbt","instId":"ETH-USDT"},"data":[{"asks":[["1825.9","6.266135","0","3"]],"bids":[["1825.89","0.853","0","1"]],"ts":"1690862612868","seqId":12374755317}]}
{"arg":{"channel":"bbo-tbt","instId":"ETH-USDT"},"data":[{"asks":[["1825.9","9.413846","0","5"]],"bids":[["1825.89","0.853","0","1"]],"ts":"1690862612928","seqId":12374755339}]}
{"arg":{"channel":"bbo-tbt","instId":"ETH-USDT"},"data":[{"asks":[["1825.9","9.413167","0","5"]],"bids":[["1825.89","0.853","0","1"]],"ts":"1690862612978","seqId":12374755346}]}
{"arg":{"channel":"bbo-tbt","instId":"BTC-USDT"},"data":[{"asks":[["28836","2.58879683","0","18"]],"bids":[["28835.9","0.6368604","0","7"]],"ts":"1690862612986","seqId":13463056832}]}
{"arg":{"channel":"bbo-tbt","instId":"ETH-USDT"},"data":[{"asks":[["1825.9","9.413167","0","5"]],"bids":[["1825.89","10.443","0","2"]],"ts":"1690862612988","seqId":12374755355}]}
{"arg":{"channel":"bbo-tbt","instId":"BTC-USDT"},"data":[{"asks":[["28836","2.85212479","0","18"]],"bids":[["28835.9","0.6368604","0","7"]],"ts":"1690862612996","seqId":13463056839}]}
{"arg":{"channel":"bbo-tbt","instId":"ETH-USDT"},"data":[{"asks":[["1825.9","9.413167","0","5"]],"bids":[["1825.89","10.705919","0","3"]],"ts":"1690862612998","seqId":12374755362}]}
{"arg":{"channel":"bbo-tbt","instId":"BTC-USDT"},"data":[{"asks":[["28836","3.95212479","0","19"]],"bids":[["28835.9","0.6368604","0","7"]],"ts":"1690862613006","seqId":13463056845}]}
{"arg":{"channel":"bbo-tbt","instId":"BTC-USDT"},"data":[{"asks":[["28836","4.13175993","0","21"]],"bids":[["28835.9","0.6368604","0","7"]],"ts":"1690862613016","seqId":13463056849}]}
{"arg":{"channel":"bbo-tbt","instId":"ETH-USDT"},"data":[{"asks":[["1825.9","9.413167","0","5"]],"bids":[["1825.89","13.910489","0","4"]],"ts":"1690862613038","seqId":12374755368}]}
{"arg":{"channel":"bbo-tbt","instId":"ETH-USDT"},"data":[{"asks":[["1825.9","11.00239","0","6"]],"bids":[["1825.89","13.910489","0","4"]],"ts":"1690862613118","seqId":12374755376}]}
{"arg":{"channel":"bbo-tbt","instId":"BTC-USDT"},"data":[{"asks":[["28836","4.13175993","0","21"]],"bids":[["28835.9","0.6361104","0","7"]],"ts":"1690862613176","seqId":13463056880}]}
{"arg":{"channel":"bbo-tbt","instId":"ETH-USDT"},"data":[{"asks":[["1825.9","11.326107","0","7"]],"bids":[["1825.89","13.910489","0","4"]],"ts":"1690862613228","seqId":12374755393}]}
{"arg":{"channel":"bbo-tbt","instId":"ETH-USDT"},"data":[{"asks":[["1825.9","13.796156","0","8"]],"bids":[["1825.89","13.910489","0","4"]],"ts":"1690862613358","seqId":12374755412}]}
{"arg":{"channel":"bbo-tbt","instId":"BTC-USDT"},"data":[{"asks":[["28836","3.03175993","0","20"]],"bids":[["28835.9","0.6361104","0","7"]],"ts":"1690862613386","seqId":13463056912}]}
{"arg":{"channel":"bbo-tbt","instId":"BTC-USDT"},"data":[{"asks":[["28836","2.9623947","0","19"]],"bids":[["28835.9","0.6361104","0","7"]],"ts":"1690862613396","seqId":13463056917}]}
{"arg":{"channel":"bbo-tbt","instId":"BTC-USDT"},"data":[{"asks":[["28836","4.0623947","0","20"]],"bids":[["28835.9","0.6361104","0","7"]],"ts":"1690862613406","seqId":13463056918}]}
{"arg":{"channel":"bbo-tbt","instId":"BTC-USDT"},"data":[{"asks":[["28836","4.13175993","0","21"]],"bids":[["28835.9","0.6361104","0","7"]],"ts":"1690862613416","seqId":13463056922}]}
{"arg":{"channel":"bbo-tbt","instId":"ETH-USDT"},"data":[{"asks":[["1825.9","13.796156","0","8"]],"bids":[["1825.89","13.919589","0","5"]],"ts":"1690862613518","seqId":12374755428}]}
{"arg":{"channel":"bbo-tbt","instId":"ETH-USDT"},"data":[{"asks":[["1825.9","13.796156","0","8"]],"bids":[["1825.89","13.928789","0","6"]],"ts":"1690862613548","seqId":12374755430}]}
{"arg":{"channel":"bbo-tbt","instId":"ETH-USDT"},"data":[{"asks":[["1825.9","13.796156","0","8"]],"bids":[["1825.89","13.934789","0","7"]],"ts":"1690862613618","seqId":12374755439}]}
{"arg":{"channel":"bbo-tbt","instId":"ETH-USDT"},"data":[{"asks":[["1825.9","13.805156","0","9"]],"bids":[["1825.89","13.934789","0","7"]],"ts":"1690862613688","seqId":12374755442}]}
{"arg":{"channel":"bbo-tbt","instId":"ETH-USDT"},"data":[{"asks":[["1825.9","13.805156","0","9"]],"bids":[["1825.89","13.944589","0","8"]],"ts":"1690862613708","seqId":12374755445}]}
{"arg":{"channel":"bbo-tbt","instId":"ETH-USDT"},"data":[{"asks":[["1825.9","13.805156","0","9"]],"bids":[["1825.89","13.950289","0","9"]],"ts":"1690862613748","seqId":12374755449}]}
{"arg":{"channel":"bbo-tbt","instId":"ETH-USDT"},"data":[{"asks":[["1825.9","13.805156","0","9"]],"bids":[["1825.89","13.960289","0","10"]],"ts":"1690862613768","seqId":12374755453}]}
{"arg":{"channel":"bbo-tbt","instId":"ETH-USDT"},"data":[{"asks":[["1825.9","13.804477","0","9"]],"bids":[["1825.89","13.960289","0","10"]],"ts":"1690862613788","seqId":12374755456}]}
{"arg":{"channel":"bbo-tbt","instId":"ETH-USDT"},"data":[{"asks":[["1825.9","13.904477","0","10"]],"bids":[["1825.89","13.960289","0","10"]],"ts":"1690862613868","seqId":12374755459}]}
{"arg":{"channel":"bbo-tbt","instId":"BTC-USDT"},"data":[{"asks":[["28836","4.12149002","0","21"]],"bids":[["28835.9","0.6361104","0","7"]],"ts":"1690862613956","seqId":13463056962}]}
{"arg":{"channel":"bbo-tbt","instId":"BTC-USDT"},"data":[{"asks":[["28836","4.05212479","0","20"]],"bids":[["28835.9","0.6361104","0","7"]],"ts":"1690862613966","seqId":13463056967}]}
{"arg":{"channel":"bbo-tbt","instId":"BTC-USDT"},"data":[{"asks":[["28836","4.23175993","0","22"]],"bids":[["28835.9","0.6361104","0","7"]],"ts":"1690862613976","seqId":13463056971}]}
{"arg":{"channel":"bbo-tbt","instId":"ETH-USDT"},"data":[{"asks":[["1825.9","13.904478","0","10"]],"bids":[["1825.89","13.960289","0","10"]],"ts":"1690862614018","seqId":12374755463}]}
{"arg":{"channel":"bbo-tbt","instId":"ETH-USDT"},"data":[{"asks":[["1825.9","13.903799","0","10"]],"bids":[["1825.89","13.960289","0","10"]],"ts":"1690862614308","seqId":12374755486}]}
{"arg":{"channel":"bbo-tbt","instId":"BTC-USDT"},"data":[{"asks":[["28836","4.1623947","0","21"]],"bids":[["28835.9","0.6361104","0","7"]],"ts":"1690862614426","seqId":13463057026}]}
{"arg":{"channel":"bbo-tbt","instId":"BTC-USDT"},"data":[{"asks":[["28836","3.0623947","0","20"]],"bids":[["28835.9","0.6361104","0","7"]],"ts":"1690862614556","seqId":13463057040}]}
{"arg":{"channel":"bbo-tbt","instId":"BTC-USDT"},"data":[{"asks":[["28836","2.95212479","0","19"]],"bids":[["28835.9","0.6361104","0","7"]],"ts":"1690862614566","seqId":13463057049}]}
{"arg":{"channel":"bbo-tbt","instId":"BTC-USDT"},"data":[{"asks":[["28836","4.05212479","0","20"]],"bids":[["28835.9","0.6361104","0","7"]],"ts":"1690862614576","seqId":13463057051}]}
{"arg":{"channel":"bbo-tbt","instId":"BTC-USDT"},"data":[{"asks":[["28836","4.15619231","0","22"]],"bids":[["28835.9","0.6361104","0","7"]],"ts":"1690862614586","seqId":13463057057}]}
{"arg":{"channel":"bbo-tbt","instId":"BTC-USDT"},"data":[{"asks":[["28836","4.26646222","0","23"]],"bids":[["28835.9","0.6361104","0","7"]],"ts":"1690862614596","seqId":13463057059}]}
{"arg":{"channel":"bbo-tbt","instId":"ETH-USDT"},"data":[{"asks":[["1825.9","13.903799","0","10"]],"bids":[["1825.89","13.952789","0","10"]],"ts":"1690862614698","seqId":12374755509}]}
{"arg":{"channel":"bbo-tbt","instId":"ETH-USDT"},"data":[{"asks":[["1825.9","13.913299","0","11"]],"bids":[["1825.89","13.952789","0","10"]],"ts":"1690862614748","seqId":12374755511}]}
{"arg":{"channel":"bbo-tbt","instId":"BTC-USDT"},"data":[{"asks":[["28836","4.26646222","0","23"]],"bids":[["28835.9","0.45046866","0","6"]],"ts":"1690862614796","seqId":13463057081}]}
{"arg":{"channel":"bbo-tbt","instId":"BTC-USDT"},"data":[{"asks":[["28836","4.79222222","0","25"]],"bids":[["28835.9","0.45046866","0","6"]],"ts":"1690862614806","seqId":13463057115}]}
{"arg":{"channel":"bbo-tbt","instId":"BTC-USDT"},"data":[{"asks":[["28836","4.79222222","0","25"]],"bids":[["28835.9","0.22769294","0","5"]],"ts":"1690862614816","seqId":13463057179}]}
{"arg":{"channel":"bbo-tbt","instId":"ETH-USDT"},"data":[{"asks":[["1825.9","13.91262","0","11"]],"bids":[["1825.89","13.952789","0","10"]],"ts":"1690862614828","seqId":12374755517}]}
{"arg":{"channel":"bbo-tbt","instId":"BTC-USDT"},"data":[{"asks":[["28836","10.01745322","0","27"]],"bids":[["28835.9","0.22769294","0","5"]],"ts":"1690862614876","seqId":13463057256}]}
{"arg":{"channel":"bbo-tbt","instId":"BTC-USDT"},"data":[{"asks":[["28836","11.32842722","0","27"]],"bids":[["28835.9","0.22769294","0","5"]],"ts":"1690862614886","seqId":13463057263}]}
{"arg":{"channel":"bbo-tbt","instId":"ETH-USDT"},"data":[{"asks":[["1825.9","14.31155","0","12"]],"bids":[["1825.89","13.952789","0","10"]],"ts":"1690862614888","seqId":12374755519}]}
{"arg":{"channel":"bbo-tbt","instId":"BTC-USDT"},"data":[{"asks":[["28836","11.57465522","0","27"]],"bids":[["28835.9","0.22769294","0","5"]],"ts":"1690862614896","seqId":13463057274}]}
{"arg":{"channel":"bbo-tbt","instId":"BTC-USDT"},"data":[{"asks":[["28836","11.92145722","0","27"]],"bids":[["28835.9","0.22769294","0","5"]],"ts":"1690862614906","seqId":13463057278}]}
{"arg":{"channel":"bbo-tbt","instId":"BTC-USDT"},"data":[{"asks":[["28836","11.88331022","0","27"]],"bids":[["28835.9","0.22769294","0","5"]],"ts":"1690862614926","seqId":13463057305}]}
{"arg":{"channel":"bbo-tbt","instId":"BTC-USDT"},"data":[{"asks":[["28836","11.38738322","0","27"]],"bids":[["28835.9","0.22769294","0","5"]],"ts":"1690862614936","seqId":13463057309}]}
{"arg":{"channel":"bbo-tbt","instId":"BTC-USDT"},"data":[{"asks":[["28836","11.49058322","0","28"]],"bids":[["28835.9","0.22769294","0","5"]],"ts":"1690862614946","seqId":13463057316}]}
{"arg":{"channel":"bbo-tbt","instId":"BTC-USDT"},"data":[{"asks":[["28836","11.49378322","0","28"]],"bids":[["28835.9","0.22769294","0","5"]],"ts":"1690862614956","seqId":13463057320}]}
{"arg":{"channel":"bbo-tbt","instId":"ETH-USDT"},"data":[{"asks":[["1825.9","23.90155","0","13"]],"bids":[["1825.89","10.748219","0","9"]],"ts":"1690862614998","seqId":12374755553}]}
{"arg":{"channel":"bbo-tbt","instId":"ETH-USDT"},"data":[{"asks":[["1825.9","32.69593","0","15"]],"bids":[["1825.89","10.748219","0","9"]],"ts":"1690862615008","seqId":12374755590}]}
{"arg":{"channel":"bbo-tbt","instId":"ETH-USDT"},"data":[{"asks":[["1825.9","34.38782","0","16"]],"bids":[["1825.89","10.748219","0","9"]],"ts":"1690862615018","seqId":12374755618}]}
{"arg":{"channel":"bbo-tbt","instId":"BTC-USDT"},"data":[{"asks":[["28836","10.81753522","0","28"]],"bids":[["28835.9","0.22769294","0","5"]],"ts":"1690862615026","seqId":13463057343}]}
{"arg":{"channel":"bbo-tbt","instId":"ETH-USDT"},"data":[{"asks":[["1825.9","34.38782","0","16"]],"bids":[["1825.89","1.158219","0","8"]],"ts":"1690862615038","seqId":12374755626}]}
{"arg":{"channel":"bbo-tbt","instId":"BTC-USDT"},"data":[{"asks":[["28836","11.31346222","0","28"]],"bids":[["28835.9","0.22769294","0","5"]],"ts":"1690862615046","seqId":13463057355}]}
{"arg":{"channel":"bbo-tbt","instId":"ETH-USDT"},"data":[{"asks":[["1825.9","34.38782","0","16"]],"bids":[["1825.89","0.312719","0","7"]],"ts":"1690862615048","seqId":12374755629}]}
{"arg":{"channel":"bbo-tbt","instId":"BTC-USDT"},"data":[{"asks":[["28836","11.69841222","0","28"]],"bids":[["28835.9","0.22769294","0","5"]],"ts":"1690862615056","seqId":13463057359}]}
{"arg":{"channel":"bbo-tbt","instId":"BTC-USDT"},"data":[{"asks":[["28836","11.20248522","0","28"]],"bids":[["28835.9","0.22769294","0","5"]],"ts":"1690862615086","seqId":13463057371}]}
{"arg":{"channel":"bbo-tbt","instId":"ETH-USDT"},"data":[{"asks":[["1825.9","35.46528","0","17"]],"bids":[["1825.89","0.312719","0","7"]],"ts":"1690862615088","seqId":12374755636}]}
{"arg":{"channel":"bbo-tbt","instId":"BTC-USDT"},"data":[{"asks":[["28836","11.2879436","0","29"]],"bids":[["28835.9","0.22769294","0","5"]],"ts":"1690862615096","seqId":13463057381}]}
{"arg":{"channel":"bbo-tbt","instId":"BTC-USDT"},"data":[{"asks":[["28836","12.54537459","0","29"]],"bids":[["28835.9","0.22769294","0","5"]],"ts":"1690862615106","seqId":13463057407}]}
{"arg":{"channel":"bbo-tbt","instId":"ETH-USDT"},"data":[{"asks":[["1825.9","35.46528","0","17"]],"bids":[["1825.89","1.158719","0","8"]],"ts":"1690862615108","seqId":12374755640}]}
{"arg":{"channel":"bbo-tbt","instId":"BTC-USDT"},"data":[{"asks":[["28836","12.59619236","0","30"]],"bids":[["28835.9","0.22769294","0","5"]],"ts":"1690862615116","seqId":13463057458}]}
{"arg":{"channel":"bbo-tbt","instId":"ETH-USDT"},"data":[{"asks":[["1825.9","35.46528","0","17"]],"bids":[["1825.89","0.312719","0","7"]],"ts":"1690862615118","seqId":12374755662}]}
{"arg":{"channel":"bbo-tbt","instId":"BTC-USDT"},"data":[{"asks":[["28836","15.29485708","0","31"]],"bids":[["28835.9","0.22769294","0","5"]],"ts":"1690862615126","seqId":13463057499}]}
{"arg":{"channel":"bbo-tbt","instId":"BTC-USDT"},"data":[{"asks":[["28836","15.34567483","0","32"]],"bids":[["28835.9","0.22769294","0","5"]],"ts":"1690862615136","seqId":13463057547}]}
{"arg":{"channel":"bbo-tbt","instId":"ETH-USDT"},"data":[{"asks":[["1825.9","42.46528","0","18"]],"bids":[["1825.89","0.0498","0","6"]],"ts":"1690862615138","seqId":12374755678}]}
{"arg":{"channel":"bbo-tbt","instId":"BTC-USDT"},"data":[{"asks":[["28836","15.13335883","0","33"]],"bids":[["28835.9","0.22769294","0","5"]],"ts":"1690862615146","seqId":13463057571}]}
{"arg":{"channel":"bbo-tbt","instId":"ETH-USDT"},"data":[{"asks":[["1825.9","43.182345","0","19"]],"bids":[["1825.89","0.0498","0","6"]],"ts":"1690862615148","seqId":12374755686}]}
{"arg":{"channel":"bbo-tbt","instId":"BTC-USDT"},"data":[{"asks":[["28836","15.40733283","0","33"]],"bids":[["28835.9","0.22769294","0","5"]],"ts":"1690862615156","seqId":13463057579}]}
{"arg":{"channel":"bbo-tbt","instId":"BTC-USDT"},"data":[{"asks":[["28836","15.45815061","0","34"]],"bids":[["28835.9","0.22769294","0","5"]],"ts":"1690862615166","seqId":13463057591}]}
{"arg":{"channel":"bbo-tbt","instId":"BTC-USDT"},"data":[{"asks":[["28836","15.54484961","0","34"]],"bids":[["28835.9","0.22769294","0","5"]],"ts":"1690862615186","seqId":13463057604}]}
{"arg":{"channel":"bbo-tbt","instId":"BTC-USDT"},"data":[{"asks":[["28836","15.57211845","0","35"]],"bids":[["28835.9","0.22769294","0","5"]],"ts":"1690862615196","seqId":13463057612}]}
{"arg":{"channel":"bbo-tbt","instId":"BTC-USDT"},"data":[{"asks":[["28836","15.57135543","0","35"]],"bids":[["28835.9","0.22769294","0","5"]],"ts":"1690862615206","seqId":13463057618}]}
{"arg":{"channel":"bbo-tbt","instId":"ETH-USDT"},"data":[{"asks":[["1825.9","36.182345","0","18"]],"bids":[["1825.89","0.0498","0","6"]],"ts":"1690862615208","seqId":12374755708}]}
